%YAML 1.1
%TAG !u! tag:unity3d.com,2011:
--- !u!1001 &100100000
Prefab:
  m_ObjectHideFlags: 1
  serializedVersion: 2
  m_Modification:
    m_TransformParent: {fileID: 0}
    m_Modifications: []
    m_RemovedComponents: []
  m_ParentPrefab: {fileID: 0}
  m_RootGameObject: {fileID: 1000014185419752}
  m_IsPrefabParent: 1
--- !u!1 &1000010438274320
GameObject:
  m_ObjectHideFlags: 0
  m_PrefabParentObject: {fileID: 0}
  m_PrefabInternal: {fileID: 100100000}
  serializedVersion: 4
  m_Component:
  - 4: {fileID: 4000011413654980}
  - 114: {fileID: 114000013488377024}
  m_Layer: 0
  m_Name: door-open
  m_TagString: Untagged
  m_Icon: {fileID: 0}
  m_NavMeshLayer: 0
  m_StaticEditorFlags: 0
  m_IsActive: 1
--- !u!1 &1000010519985544
GameObject:
  m_ObjectHideFlags: 0
  m_PrefabParentObject: {fileID: 0}
  m_PrefabInternal: {fileID: 100100000}
  serializedVersion: 4
  m_Component:
  - 4: {fileID: 4000011632676564}
  - 114: {fileID: 114000014189129976}
  m_Layer: 0
  m_Name: block-push
  m_TagString: Untagged
  m_Icon: {fileID: 0}
  m_NavMeshLayer: 0
  m_StaticEditorFlags: 0
  m_IsActive: 1
--- !u!1 &1000010951308782
GameObject:
  m_ObjectHideFlags: 0
  m_PrefabParentObject: {fileID: 0}
  m_PrefabInternal: {fileID: 100100000}
  serializedVersion: 4
  m_Component:
  - 4: {fileID: 4000012125655146}
  - 114: {fileID: 114000013549085828}
  m_Layer: 0
  m_Name: hammer
  m_TagString: Untagged
  m_Icon: {fileID: 0}
  m_NavMeshLayer: 0
  m_StaticEditorFlags: 0
  m_IsActive: 1
--- !u!1 &1000011155511642
GameObject:
  m_ObjectHideFlags: 1
  m_PrefabParentObject: {fileID: 0}
  m_PrefabInternal: {fileID: 100100000}
  serializedVersion: 4
  m_Component:
  - 4: {fileID: 4000010697301206}
  - 82: {fileID: 82000011532662008}
  - 114: {fileID: 114000010492525434}
  - 114: {fileID: 114000010344891472}
  m_Layer: 0
  m_Name: grublin-die-3
  m_TagString: Untagged
  m_Icon: {fileID: 0}
  m_NavMeshLayer: 0
  m_StaticEditorFlags: 0
  m_IsActive: 1
--- !u!1 &1000011303045762
GameObject:
  m_ObjectHideFlags: 0
  m_PrefabParentObject: {fileID: 0}
  m_PrefabInternal: {fileID: 100100000}
  serializedVersion: 4
  m_Component:
  - 4: {fileID: 4000010875549892}
  - 114: {fileID: 114000012144026616}
  m_Layer: 0
  m_Name: owl-2
  m_TagString: Untagged
  m_Icon: {fileID: 0}
  m_NavMeshLayer: 0
  m_StaticEditorFlags: 0
  m_IsActive: 1
--- !u!1 &1000011423138452
GameObject:
  m_ObjectHideFlags: 1
  m_PrefabParentObject: {fileID: 0}
  m_PrefabInternal: {fileID: 100100000}
  serializedVersion: 4
  m_Component:
  - 4: {fileID: 4000012964123368}
  - 82: {fileID: 82000013155170016}
  - 114: {fileID: 114000012078131288}
  - 114: {fileID: 114000012020989684}
  m_Layer: 0
  m_Name: grublin-laugh-11
  m_TagString: Untagged
  m_Icon: {fileID: 0}
  m_NavMeshLayer: 0
  m_StaticEditorFlags: 0
  m_IsActive: 1
--- !u!1 &1000011542582026
GameObject:
  m_ObjectHideFlags: 1
  m_PrefabParentObject: {fileID: 0}
  m_PrefabInternal: {fileID: 100100000}
  serializedVersion: 4
  m_Component:
  - 4: {fileID: 4000012133244486}
  - 82: {fileID: 82000012586926386}
  - 114: {fileID: 114000012254925914}
  - 114: {fileID: 114000012532834882}
  m_Layer: 0
  m_Name: door-open1
  m_TagString: Untagged
  m_Icon: {fileID: 0}
  m_NavMeshLayer: 0
  m_StaticEditorFlags: 0
  m_IsActive: 1
--- !u!1 &1000011588540612
GameObject:
  m_ObjectHideFlags: 0
  m_PrefabParentObject: {fileID: 0}
  m_PrefabInternal: {fileID: 100100000}
  serializedVersion: 4
  m_Component:
  - 4: {fileID: 4000010651286374}
  - 114: {fileID: 114000010080246716}
  m_Layer: 0
  m_Name: grublin-laugh-1
  m_TagString: Untagged
  m_Icon: {fileID: 0}
  m_NavMeshLayer: 0
  m_StaticEditorFlags: 0
  m_IsActive: 1
--- !u!1 &1000011698449744
GameObject:
  m_ObjectHideFlags: 1
  m_PrefabParentObject: {fileID: 0}
  m_PrefabInternal: {fileID: 100100000}
  serializedVersion: 4
  m_Component:
  - 4: {fileID: 4000010787337738}
  - 82: {fileID: 82000010139470238}
  - 114: {fileID: 114000010090136068}
  - 114: {fileID: 114000011005311580}
  m_Layer: 0
  m_Name: footstep1
  m_TagString: Untagged
  m_Icon: {fileID: 0}
  m_NavMeshLayer: 0
  m_StaticEditorFlags: 0
  m_IsActive: 1
--- !u!1 &1000011967864352
GameObject:
  m_ObjectHideFlags: 1
  m_PrefabParentObject: {fileID: 0}
  m_PrefabInternal: {fileID: 100100000}
  serializedVersion: 4
  m_Component:
  - 4: {fileID: 4000011344053436}
  - 82: {fileID: 82000013158288530}
  - 114: {fileID: 114000011899735560}
  - 114: {fileID: 114000013284775220}
  m_Layer: 0
  m_Name: hammer1
  m_TagString: Untagged
  m_Icon: {fileID: 0}
  m_NavMeshLayer: 0
  m_StaticEditorFlags: 0
  m_IsActive: 1
--- !u!1 &1000012033436974
GameObject:
  m_ObjectHideFlags: 1
  m_PrefabParentObject: {fileID: 0}
  m_PrefabInternal: {fileID: 100100000}
  serializedVersion: 4
  m_Component:
  - 4: {fileID: 4000014198742008}
  - 82: {fileID: 82000012277346884}
  - 114: {fileID: 114000011346719656}
  - 114: {fileID: 114000012024341134}
  m_Layer: 0
  m_Name: owl
  m_TagString: Untagged
  m_Icon: {fileID: 0}
  m_NavMeshLayer: 0
  m_StaticEditorFlags: 0
  m_IsActive: 1
--- !u!1 &1000012111298866
GameObject:
  m_ObjectHideFlags: 1
  m_PrefabParentObject: {fileID: 0}
  m_PrefabInternal: {fileID: 100100000}
  serializedVersion: 4
  m_Component:
  - 4: {fileID: 4000010431460158}
  - 82: {fileID: 82000013763437538}
  - 114: {fileID: 114000011972108504}
  - 114: {fileID: 114000014277268808}
  m_Layer: 0
  m_Name: owl-die1
  m_TagString: Untagged
  m_Icon: {fileID: 0}
  m_NavMeshLayer: 0
  m_StaticEditorFlags: 0
  m_IsActive: 1
--- !u!1 &1000012121608744
GameObject:
  m_ObjectHideFlags: 1
  m_PrefabParentObject: {fileID: 0}
  m_PrefabInternal: {fileID: 100100000}
  serializedVersion: 4
  m_Component:
  - 4: {fileID: 4000013615565204}
  - 82: {fileID: 82000013396083198}
  - 114: {fileID: 114000010814302132}
  - 114: {fileID: 114000012097132314}
  m_Layer: 0
  m_Name: block-push1
  m_TagString: Untagged
  m_Icon: {fileID: 0}
  m_NavMeshLayer: 0
  m_StaticEditorFlags: 0
  m_IsActive: 1
--- !u!1 &1000012963510340
GameObject:
  m_ObjectHideFlags: 1
  m_PrefabParentObject: {fileID: 0}
  m_PrefabInternal: {fileID: 100100000}
  serializedVersion: 4
  m_Component:
  - 4: {fileID: 4000013036800298}
  - 82: {fileID: 82000011987202782}
  - 114: {fileID: 114000013346478628}
  - 114: {fileID: 114000013465903044}
  m_Layer: 0
  m_Name: grublin-laugh-2
  m_TagString: Untagged
  m_Icon: {fileID: 0}
  m_NavMeshLayer: 0
  m_StaticEditorFlags: 0
  m_IsActive: 1
--- !u!1 &1000013483226338
GameObject:
  m_ObjectHideFlags: 1
  m_PrefabParentObject: {fileID: 0}
  m_PrefabInternal: {fileID: 100100000}
  serializedVersion: 4
  m_Component:
  - 4: {fileID: 4000013697834116}
  - 82: {fileID: 82000012589484552}
  - 114: {fileID: 114000013030942048}
  - 114: {fileID: 114000011119137750}
  m_Layer: 0
  m_Name: grublin-die-2
  m_TagString: Untagged
  m_Icon: {fileID: 0}
  m_NavMeshLayer: 0
  m_StaticEditorFlags: 0
  m_IsActive: 1
--- !u!1 &1000013605019612
GameObject:
  m_ObjectHideFlags: 0
  m_PrefabParentObject: {fileID: 0}
  m_PrefabInternal: {fileID: 100100000}
  serializedVersion: 4
  m_Component:
  - 4: {fileID: 4000012147439460}
  - 114: {fileID: 114000011051905150}
  m_Layer: 0
  m_Name: owl-die
  m_TagString: Untagged
  m_Icon: {fileID: 0}
  m_NavMeshLayer: 0
  m_StaticEditorFlags: 0
  m_IsActive: 1
--- !u!1 &1000013717832450
GameObject:
  m_ObjectHideFlags: 0
  m_PrefabParentObject: {fileID: 0}
  m_PrefabInternal: {fileID: 100100000}
  serializedVersion: 4
  m_Component:
  - 4: {fileID: 4000012018765418}
  - 114: {fileID: 114000010528101294}
  m_Layer: 0
  m_Name: grublin-die-1
  m_TagString: Untagged
  m_Icon: {fileID: 0}
  m_NavMeshLayer: 0
  m_StaticEditorFlags: 0
  m_IsActive: 1
--- !u!1 &1000013870079554
GameObject:
  m_ObjectHideFlags: 1
  m_PrefabParentObject: {fileID: 0}
  m_PrefabInternal: {fileID: 100100000}
  serializedVersion: 4
  m_Component:
  - 4: {fileID: 4000013989171348}
  - 82: {fileID: 82000011505461670}
  - 114: {fileID: 114000013774732308}
  - 114: {fileID: 114000011735875148}
  m_Layer: 0
  m_Name: owl-21
  m_TagString: Untagged
  m_Icon: {fileID: 0}
  m_NavMeshLayer: 0
  m_StaticEditorFlags: 0
  m_IsActive: 1
--- !u!1 &1000014014019770
GameObject:
  m_ObjectHideFlags: 1
  m_PrefabParentObject: {fileID: 0}
  m_PrefabInternal: {fileID: 100100000}
  serializedVersion: 4
  m_Component:
  - 4: {fileID: 4000011676656440}
  - 82: {fileID: 82000010447502258}
  - 114: {fileID: 114000013062246520}
  - 114: {fileID: 114000012353401536}
  m_Layer: 0
  m_Name: grublin-die-11
  m_TagString: Untagged
  m_Icon: {fileID: 0}
  m_NavMeshLayer: 0
  m_StaticEditorFlags: 0
  m_IsActive: 1
--- !u!1 &1000014053114146
GameObject:
  m_ObjectHideFlags: 1
  m_PrefabParentObject: {fileID: 0}
  m_PrefabInternal: {fileID: 100100000}
  serializedVersion: 4
  m_Component:
  - 4: {fileID: 4000013363972826}
  - 82: {fileID: 82000011604562996}
  - 114: {fileID: 114000013961253240}
  - 114: {fileID: 114000010137912102}
  m_Layer: 0
  m_Name: grublin-laugh-3
  m_TagString: Untagged
  m_Icon: {fileID: 0}
  m_NavMeshLayer: 0
  m_StaticEditorFlags: 0
  m_IsActive: 1
--- !u!1 &1000014095119700
GameObject:
  m_ObjectHideFlags: 0
  m_PrefabParentObject: {fileID: 0}
  m_PrefabInternal: {fileID: 100100000}
  serializedVersion: 4
  m_Component:
  - 4: {fileID: 4000012129892210}
  - 114: {fileID: 114000011739621090}
  m_Layer: 0
  m_Name: footstep
  m_TagString: Untagged
  m_Icon: {fileID: 0}
  m_NavMeshLayer: 0
  m_StaticEditorFlags: 0
  m_IsActive: 1
--- !u!1 &1000014185419752
GameObject:
  m_ObjectHideFlags: 0
  m_PrefabParentObject: {fileID: 0}
  m_PrefabInternal: {fileID: 100100000}
  serializedVersion: 4
  m_Component:
  - 4: {fileID: 4000011608127688}
  - 114: {fileID: 114000011399823608}
  m_Layer: 0
  m_Name: MasterAudio
  m_TagString: Untagged
  m_Icon: {fileID: 0}
  m_NavMeshLayer: 0
  m_StaticEditorFlags: 0
  m_IsActive: 1
--- !u!4 &4000010431460158
Transform:
  m_ObjectHideFlags: 1
  m_PrefabParentObject: {fileID: 0}
  m_PrefabInternal: {fileID: 100100000}
  m_GameObject: {fileID: 1000012111298866}
  m_LocalRotation: {x: 0, y: 0, z: 0, w: 1}
  m_LocalPosition: {x: 0, y: 0, z: 0}
  m_LocalScale: {x: 1, y: 1, z: 1}
  m_LocalEulerAnglesHint: {x: 0, y: 0, z: 0}
  m_Children: []
  m_Father: {fileID: 4000012147439460}
  m_RootOrder: 0
--- !u!4 &4000010651286374
Transform:
  m_ObjectHideFlags: 1
  m_PrefabParentObject: {fileID: 0}
  m_PrefabInternal: {fileID: 100100000}
  m_GameObject: {fileID: 1000011588540612}
  m_LocalRotation: {x: -0, y: -0, z: -0, w: 1}
  m_LocalPosition: {x: 0, y: 0, z: 0}
  m_LocalScale: {x: 1, y: 1, z: 1}
  m_LocalEulerAnglesHint: {x: 0, y: 0, z: 0}
  m_Children:
  - {fileID: 4000012964123368}
  - {fileID: 4000013036800298}
  - {fileID: 4000013363972826}
  m_Father: {fileID: 4000011608127688}
  m_RootOrder: 4
--- !u!4 &4000010697301206
Transform:
  m_ObjectHideFlags: 1
  m_PrefabParentObject: {fileID: 0}
  m_PrefabInternal: {fileID: 100100000}
  m_GameObject: {fileID: 1000011155511642}
  m_LocalRotation: {x: -0, y: -0, z: -0, w: 1}
  m_LocalPosition: {x: 0, y: 80, z: -144}
  m_LocalScale: {x: 1, y: 1, z: 1}
  m_LocalEulerAnglesHint: {x: 0, y: 0, z: 0}
  m_Children: []
  m_Father: {fileID: 4000012018765418}
  m_RootOrder: 2
--- !u!4 &4000010787337738
Transform:
  m_ObjectHideFlags: 1
  m_PrefabParentObject: {fileID: 0}
  m_PrefabInternal: {fileID: 100100000}
  m_GameObject: {fileID: 1000011698449744}
  m_LocalRotation: {x: 0, y: 0, z: 0, w: 1}
  m_LocalPosition: {x: 0, y: 80, z: -144}
  m_LocalScale: {x: 1, y: 1, z: 1}
  m_LocalEulerAnglesHint: {x: 0, y: 0, z: 0}
  m_Children: []
  m_Father: {fileID: 4000012129892210}
  m_RootOrder: 0
--- !u!4 &4000010875549892
Transform:
  m_ObjectHideFlags: 1
  m_PrefabParentObject: {fileID: 0}
  m_PrefabInternal: {fileID: 100100000}
  m_GameObject: {fileID: 1000011303045762}
  m_LocalRotation: {x: -0, y: -0, z: -0, w: 1}
  m_LocalPosition: {x: 0, y: 0, z: 0}
  m_LocalScale: {x: 1, y: 1, z: 1}
  m_LocalEulerAnglesHint: {x: 0, y: 0, z: 0}
  m_Children:
  - {fileID: 4000013989171348}
  - {fileID: 4000014198742008}
  m_Father: {fileID: 4000011608127688}
  m_RootOrder: 5
--- !u!4 &4000011344053436
Transform:
  m_ObjectHideFlags: 1
  m_PrefabParentObject: {fileID: 0}
  m_PrefabInternal: {fileID: 100100000}
  m_GameObject: {fileID: 1000011967864352}
  m_LocalRotation: {x: 0, y: 0, z: 0, w: 1}
  m_LocalPosition: {x: 0, y: 80, z: -144}
  m_LocalScale: {x: 1, y: 1, z: 1}
  m_LocalEulerAnglesHint: {x: 0, y: 0, z: 0}
  m_Children: []
  m_Father: {fileID: 4000012125655146}
  m_RootOrder: 0
--- !u!4 &4000011413654980
Transform:
  m_ObjectHideFlags: 1
  m_PrefabParentObject: {fileID: 0}
  m_PrefabInternal: {fileID: 100100000}
  m_GameObject: {fileID: 1000010438274320}
  m_LocalRotation: {x: -0, y: -0, z: -0, w: 1}
  m_LocalPosition: {x: 0, y: 0, z: 0}
  m_LocalScale: {x: 1, y: 1, z: 1}
  m_LocalEulerAnglesHint: {x: 0, y: 0, z: 0}
  m_Children:
  - {fileID: 4000012133244486}
  m_Father: {fileID: 4000011608127688}
  m_RootOrder: 2
--- !u!4 &4000011608127688
Transform:
  m_ObjectHideFlags: 1
  m_PrefabParentObject: {fileID: 0}
  m_PrefabInternal: {fileID: 100100000}
  m_GameObject: {fileID: 1000014185419752}
  m_LocalRotation: {x: 0, y: 0, z: 0, w: 1}
  m_LocalPosition: {x: 0, y: 0, z: 0}
  m_LocalScale: {x: 1, y: 1, z: 1}
  m_LocalEulerAnglesHint: {x: 0, y: 0, z: 0}
  m_Children:
  - {fileID: 4000012129892210}
  - {fileID: 4000011632676564}
  - {fileID: 4000011413654980}
  - {fileID: 4000012018765418}
  - {fileID: 4000010651286374}
  - {fileID: 4000010875549892}
  - {fileID: 4000012147439460}
  - {fileID: 4000012125655146}
  m_Father: {fileID: 0}
  m_RootOrder: 0
--- !u!4 &4000011632676564
Transform:
  m_ObjectHideFlags: 1
  m_PrefabParentObject: {fileID: 0}
  m_PrefabInternal: {fileID: 100100000}
  m_GameObject: {fileID: 1000010519985544}
  m_LocalRotation: {x: -0, y: -0, z: -0, w: 1}
  m_LocalPosition: {x: 0, y: 0, z: 0}
  m_LocalScale: {x: 1, y: 1, z: 1}
  m_LocalEulerAnglesHint: {x: 0, y: 0, z: 0}
  m_Children:
  - {fileID: 4000013615565204}
  m_Father: {fileID: 4000011608127688}
  m_RootOrder: 1
--- !u!4 &4000011676656440
Transform:
  m_ObjectHideFlags: 1
  m_PrefabParentObject: {fileID: 0}
  m_PrefabInternal: {fileID: 100100000}
  m_GameObject: {fileID: 1000014014019770}
  m_LocalRotation: {x: 0, y: 0, z: 0, w: 1}
  m_LocalPosition: {x: 0, y: 0, z: 0}
  m_LocalScale: {x: 1, y: 1, z: 1}
  m_LocalEulerAnglesHint: {x: 0, y: 0, z: 0}
  m_Children: []
  m_Father: {fileID: 4000012018765418}
  m_RootOrder: 0
--- !u!4 &4000012018765418
Transform:
  m_ObjectHideFlags: 1
  m_PrefabParentObject: {fileID: 0}
  m_PrefabInternal: {fileID: 100100000}
  m_GameObject: {fileID: 1000013717832450}
  m_LocalRotation: {x: -0, y: -0, z: -0, w: 1}
  m_LocalPosition: {x: 0, y: 0, z: 0}
  m_LocalScale: {x: 1, y: 1, z: 1}
  m_LocalEulerAnglesHint: {x: 0, y: 0, z: 0}
  m_Children:
  - {fileID: 4000011676656440}
  - {fileID: 4000013697834116}
  - {fileID: 4000010697301206}
  m_Father: {fileID: 4000011608127688}
  m_RootOrder: 3
--- !u!4 &4000012125655146
Transform:
  m_ObjectHideFlags: 1
  m_PrefabParentObject: {fileID: 0}
  m_PrefabInternal: {fileID: 100100000}
  m_GameObject: {fileID: 1000010951308782}
  m_LocalRotation: {x: -0, y: -0, z: -0, w: 1}
  m_LocalPosition: {x: 0, y: 0, z: 0}
  m_LocalScale: {x: 1, y: 1, z: 1}
  m_LocalEulerAnglesHint: {x: 0, y: 0, z: 0}
  m_Children:
  - {fileID: 4000011344053436}
  m_Father: {fileID: 4000011608127688}
  m_RootOrder: 7
--- !u!4 &4000012129892210
Transform:
  m_ObjectHideFlags: 1
  m_PrefabParentObject: {fileID: 0}
  m_PrefabInternal: {fileID: 100100000}
  m_GameObject: {fileID: 1000014095119700}
  m_LocalRotation: {x: -0, y: -0, z: -0, w: 1}
  m_LocalPosition: {x: 0, y: 0, z: 0}
  m_LocalScale: {x: 1, y: 1, z: 1}
  m_LocalEulerAnglesHint: {x: 0, y: 0, z: 0}
  m_Children:
  - {fileID: 4000010787337738}
  m_Father: {fileID: 4000011608127688}
  m_RootOrder: 0
--- !u!4 &4000012133244486
Transform:
  m_ObjectHideFlags: 1
  m_PrefabParentObject: {fileID: 0}
  m_PrefabInternal: {fileID: 100100000}
  m_GameObject: {fileID: 1000011542582026}
  m_LocalRotation: {x: 0, y: 0, z: 0, w: 1}
  m_LocalPosition: {x: 0, y: 80, z: -144}
  m_LocalScale: {x: 1, y: 1, z: 1}
  m_LocalEulerAnglesHint: {x: 0, y: 0, z: 0}
  m_Children: []
  m_Father: {fileID: 4000011413654980}
  m_RootOrder: 0
--- !u!4 &4000012147439460
Transform:
  m_ObjectHideFlags: 1
  m_PrefabParentObject: {fileID: 0}
  m_PrefabInternal: {fileID: 100100000}
  m_GameObject: {fileID: 1000013605019612}
  m_LocalRotation: {x: -0, y: -0, z: -0, w: 1}
  m_LocalPosition: {x: 0, y: 0, z: 0}
  m_LocalScale: {x: 1, y: 1, z: 1}
  m_LocalEulerAnglesHint: {x: 0, y: 0, z: 0}
  m_Children:
  - {fileID: 4000010431460158}
  m_Father: {fileID: 4000011608127688}
  m_RootOrder: 6
--- !u!4 &4000012964123368
Transform:
  m_ObjectHideFlags: 1
  m_PrefabParentObject: {fileID: 0}
  m_PrefabInternal: {fileID: 100100000}
  m_GameObject: {fileID: 1000011423138452}
  m_LocalRotation: {x: 0, y: 0, z: 0, w: 1}
  m_LocalPosition: {x: 0, y: 0, z: 0}
  m_LocalScale: {x: 1, y: 1, z: 1}
  m_LocalEulerAnglesHint: {x: 0, y: 0, z: 0}
  m_Children: []
  m_Father: {fileID: 4000010651286374}
  m_RootOrder: 0
--- !u!4 &4000013036800298
Transform:
  m_ObjectHideFlags: 1
  m_PrefabParentObject: {fileID: 0}
  m_PrefabInternal: {fileID: 100100000}
  m_GameObject: {fileID: 1000012963510340}
  m_LocalRotation: {x: -0, y: -0, z: -0, w: 1}
  m_LocalPosition: {x: 0, y: 80, z: -144}
  m_LocalScale: {x: 1, y: 1, z: 1}
  m_LocalEulerAnglesHint: {x: 0, y: 0, z: 0}
  m_Children: []
  m_Father: {fileID: 4000010651286374}
  m_RootOrder: 1
--- !u!4 &4000013363972826
Transform:
  m_ObjectHideFlags: 1
  m_PrefabParentObject: {fileID: 0}
  m_PrefabInternal: {fileID: 100100000}
  m_GameObject: {fileID: 1000014053114146}
  m_LocalRotation: {x: -0, y: -0, z: -0, w: 1}
  m_LocalPosition: {x: 0, y: 0, z: 0}
  m_LocalScale: {x: 1, y: 1, z: 1}
  m_LocalEulerAnglesHint: {x: 0, y: 0, z: 0}
  m_Children: []
  m_Father: {fileID: 4000010651286374}
  m_RootOrder: 2
--- !u!4 &4000013615565204
Transform:
  m_ObjectHideFlags: 1
  m_PrefabParentObject: {fileID: 0}
  m_PrefabInternal: {fileID: 100100000}
  m_GameObject: {fileID: 1000012121608744}
  m_LocalRotation: {x: 0, y: 0, z: 0, w: 1}
  m_LocalPosition: {x: 0, y: 80, z: -144}
  m_LocalScale: {x: 1, y: 1, z: 1}
  m_LocalEulerAnglesHint: {x: 0, y: 0, z: 0}
  m_Children: []
  m_Father: {fileID: 4000011632676564}
  m_RootOrder: 0
--- !u!4 &4000013697834116
Transform:
  m_ObjectHideFlags: 1
  m_PrefabParentObject: {fileID: 0}
  m_PrefabInternal: {fileID: 100100000}
  m_GameObject: {fileID: 1000013483226338}
  m_LocalRotation: {x: -0, y: -0, z: -0, w: 1}
  m_LocalPosition: {x: 0, y: 0, z: 0}
  m_LocalScale: {x: 1, y: 1, z: 1}
  m_LocalEulerAnglesHint: {x: 0, y: 0, z: 0}
  m_Children: []
  m_Father: {fileID: 4000012018765418}
  m_RootOrder: 1
--- !u!4 &4000013989171348
Transform:
  m_ObjectHideFlags: 1
  m_PrefabParentObject: {fileID: 0}
  m_PrefabInternal: {fileID: 100100000}
  m_GameObject: {fileID: 1000013870079554}
  m_LocalRotation: {x: 0, y: 0, z: 0, w: 1}
  m_LocalPosition: {x: 0, y: 0, z: 0}
  m_LocalScale: {x: 1, y: 1, z: 1}
  m_LocalEulerAnglesHint: {x: 0, y: 0, z: 0}
  m_Children: []
  m_Father: {fileID: 4000010875549892}
  m_RootOrder: 0
--- !u!4 &4000014198742008
Transform:
  m_ObjectHideFlags: 1
  m_PrefabParentObject: {fileID: 0}
  m_PrefabInternal: {fileID: 100100000}
  m_GameObject: {fileID: 1000012033436974}
  m_LocalRotation: {x: -0, y: -0, z: -0, w: 1}
  m_LocalPosition: {x: 0, y: 80, z: -144}
  m_LocalScale: {x: 1, y: 1, z: 1}
  m_LocalEulerAnglesHint: {x: 0, y: 0, z: 0}
  m_Children: []
  m_Father: {fileID: 4000010875549892}
  m_RootOrder: 1
--- !u!82 &82000010139470238
AudioSource:
  m_ObjectHideFlags: 1
  m_PrefabParentObject: {fileID: 0}
  m_PrefabInternal: {fileID: 100100000}
  m_GameObject: {fileID: 1000011698449744}
  m_Enabled: 1
  serializedVersion: 4
  OutputAudioMixerGroup: {fileID: 0}
  m_audioClip: {fileID: 8300000, guid: e5aa9647b52c54f56a2e6e6519b93335, type: 3}
  m_PlayOnAwake: 0
  m_Volume: 1
  m_Pitch: 1
  Loop: 0
  Mute: 0
  Spatialize: 0
  Priority: 128
  DopplerLevel: 1
  MinDistance: 10
  MaxDistance: 100
  Pan2D: 0
  rolloffMode: 0
  BypassEffects: 0
  BypassListenerEffects: 0
  BypassReverbZones: 0
  rolloffCustomCurve:
    serializedVersion: 2
    m_Curve:
    - time: 0
      value: 1
      inSlope: 0
      outSlope: 0
      tangentMode: 0
    - time: 1
      value: 0
      inSlope: 0
      outSlope: 0
      tangentMode: 0
    m_PreInfinity: 2
    m_PostInfinity: 2
    m_RotationOrder: 4
  panLevelCustomCurve:
    serializedVersion: 2
    m_Curve:
    - time: 0
      value: 1
      inSlope: 0
      outSlope: 0
      tangentMode: 0
    m_PreInfinity: 2
    m_PostInfinity: 2
    m_RotationOrder: 4
  spreadCustomCurve:
    serializedVersion: 2
    m_Curve:
    - time: 0
      value: 0
      inSlope: 0
      outSlope: 0
      tangentMode: 0
    m_PreInfinity: 2
    m_PostInfinity: 2
    m_RotationOrder: 4
  reverbZoneMixCustomCurve:
    serializedVersion: 2
    m_Curve:
    - time: 0
      value: 1
      inSlope: 0
      outSlope: 0
      tangentMode: 0
    m_PreInfinity: 2
    m_PostInfinity: 2
    m_RotationOrder: 4
--- !u!82 &82000010447502258
AudioSource:
  m_ObjectHideFlags: 1
  m_PrefabParentObject: {fileID: 0}
  m_PrefabInternal: {fileID: 100100000}
  m_GameObject: {fileID: 1000014014019770}
  m_Enabled: 1
  serializedVersion: 4
  OutputAudioMixerGroup: {fileID: 0}
  m_audioClip: {fileID: 8300000, guid: c9692f0e1973c49078401ae7fd6783bb, type: 3}
  m_PlayOnAwake: 0
  m_Volume: 1
  m_Pitch: 1
  Loop: 0
  Mute: 0
  Spatialize: 0
  Priority: 128
  DopplerLevel: 1
  MinDistance: 10
  MaxDistance: 100
  Pan2D: 0
  rolloffMode: 0
  BypassEffects: 0
  BypassListenerEffects: 0
  BypassReverbZones: 0
  rolloffCustomCurve:
    serializedVersion: 2
    m_Curve:
    - time: 0
      value: 1
      inSlope: 0
      outSlope: 0
      tangentMode: 0
    - time: 1
      value: 0
      inSlope: 0
      outSlope: 0
      tangentMode: 0
    m_PreInfinity: 2
    m_PostInfinity: 2
    m_RotationOrder: 4
  panLevelCustomCurve:
    serializedVersion: 2
    m_Curve:
    - time: 0
      value: 1
      inSlope: 0
      outSlope: 0
      tangentMode: 0
    m_PreInfinity: 2
    m_PostInfinity: 2
    m_RotationOrder: 4
  spreadCustomCurve:
    serializedVersion: 2
    m_Curve:
    - time: 0
      value: 0
      inSlope: 0
      outSlope: 0
      tangentMode: 0
    m_PreInfinity: 2
    m_PostInfinity: 2
    m_RotationOrder: 4
  reverbZoneMixCustomCurve:
    serializedVersion: 2
    m_Curve:
    - time: 0
      value: 1
      inSlope: 0
      outSlope: 0
      tangentMode: 0
    m_PreInfinity: 2
    m_PostInfinity: 2
    m_RotationOrder: 4
--- !u!82 &82000011505461670
AudioSource:
  m_ObjectHideFlags: 1
  m_PrefabParentObject: {fileID: 0}
  m_PrefabInternal: {fileID: 100100000}
  m_GameObject: {fileID: 1000013870079554}
  m_Enabled: 1
  serializedVersion: 4
  OutputAudioMixerGroup: {fileID: 0}
  m_audioClip: {fileID: 8300000, guid: 1102b04b761b54e0088b19776d7af7ea, type: 3}
  m_PlayOnAwake: 0
  m_Volume: 1
  m_Pitch: 1
  Loop: 0
  Mute: 0
  Spatialize: 0
  Priority: 128
  DopplerLevel: 1
  MinDistance: 10
  MaxDistance: 100
  Pan2D: 0
  rolloffMode: 0
  BypassEffects: 0
  BypassListenerEffects: 0
  BypassReverbZones: 0
  rolloffCustomCurve:
    serializedVersion: 2
    m_Curve:
    - time: 0
      value: 1
      inSlope: 0
      outSlope: 0
      tangentMode: 0
    - time: 1
      value: 0
      inSlope: 0
      outSlope: 0
      tangentMode: 0
    m_PreInfinity: 2
    m_PostInfinity: 2
    m_RotationOrder: 4
  panLevelCustomCurve:
    serializedVersion: 2
    m_Curve:
    - time: 0
      value: 1
      inSlope: 0
      outSlope: 0
      tangentMode: 0
    m_PreInfinity: 2
    m_PostInfinity: 2
    m_RotationOrder: 4
  spreadCustomCurve:
    serializedVersion: 2
    m_Curve:
    - time: 0
      value: 0
      inSlope: 0
      outSlope: 0
      tangentMode: 0
    m_PreInfinity: 2
    m_PostInfinity: 2
    m_RotationOrder: 4
  reverbZoneMixCustomCurve:
    serializedVersion: 2
    m_Curve:
    - time: 0
      value: 1
      inSlope: 0
      outSlope: 0
      tangentMode: 0
    m_PreInfinity: 2
    m_PostInfinity: 2
    m_RotationOrder: 4
--- !u!82 &82000011532662008
AudioSource:
  m_ObjectHideFlags: 1
  m_PrefabParentObject: {fileID: 0}
  m_PrefabInternal: {fileID: 100100000}
  m_GameObject: {fileID: 1000011155511642}
  m_Enabled: 1
  serializedVersion: 4
  OutputAudioMixerGroup: {fileID: 0}
  m_audioClip: {fileID: 8300000, guid: 204c9078582cc4a78b8361ded4971902, type: 3}
  m_PlayOnAwake: 0
  m_Volume: 1
  m_Pitch: 1
  Loop: 0
  Mute: 0
  Spatialize: 0
  Priority: 128
  DopplerLevel: 1
  MinDistance: 10
  MaxDistance: 100
  Pan2D: 0
  rolloffMode: 0
  BypassEffects: 0
  BypassListenerEffects: 0
  BypassReverbZones: 0
  rolloffCustomCurve:
    serializedVersion: 2
    m_Curve:
    - time: 0
      value: 1
      inSlope: 0
      outSlope: 0
      tangentMode: 0
    - time: 1
      value: 0
      inSlope: 0
      outSlope: 0
      tangentMode: 0
    m_PreInfinity: 2
    m_PostInfinity: 2
    m_RotationOrder: 4
  panLevelCustomCurve:
    serializedVersion: 2
    m_Curve:
    - time: 0
      value: 1
      inSlope: 0
      outSlope: 0
      tangentMode: 0
    m_PreInfinity: 2
    m_PostInfinity: 2
    m_RotationOrder: 4
  spreadCustomCurve:
    serializedVersion: 2
    m_Curve:
    - time: 0
      value: 0
      inSlope: 0
      outSlope: 0
      tangentMode: 0
    m_PreInfinity: 2
    m_PostInfinity: 2
    m_RotationOrder: 4
  reverbZoneMixCustomCurve:
    serializedVersion: 2
    m_Curve:
    - time: 0
      value: 1
      inSlope: 0
      outSlope: 0
      tangentMode: 0
    m_PreInfinity: 2
    m_PostInfinity: 2
    m_RotationOrder: 4
--- !u!82 &82000011604562996
AudioSource:
  m_ObjectHideFlags: 1
  m_PrefabParentObject: {fileID: 0}
  m_PrefabInternal: {fileID: 100100000}
  m_GameObject: {fileID: 1000014053114146}
  m_Enabled: 1
  serializedVersion: 4
  OutputAudioMixerGroup: {fileID: 0}
  m_audioClip: {fileID: 8300000, guid: 9c2ee1ab61f6c4ecaa88a5216f3a5089, type: 3}
  m_PlayOnAwake: 0
  m_Volume: 1
  m_Pitch: 1
  Loop: 0
  Mute: 0
  Spatialize: 0
  Priority: 128
  DopplerLevel: 1
  MinDistance: 10
  MaxDistance: 100
  Pan2D: 0
  rolloffMode: 0
  BypassEffects: 0
  BypassListenerEffects: 0
  BypassReverbZones: 0
  rolloffCustomCurve:
    serializedVersion: 2
    m_Curve:
    - time: 0
      value: 1
      inSlope: 0
      outSlope: 0
      tangentMode: 0
    - time: 1
      value: 0
      inSlope: 0
      outSlope: 0
      tangentMode: 0
    m_PreInfinity: 2
    m_PostInfinity: 2
    m_RotationOrder: 4
  panLevelCustomCurve:
    serializedVersion: 2
    m_Curve:
    - time: 0
      value: 1
      inSlope: 0
      outSlope: 0
      tangentMode: 0
    m_PreInfinity: 2
    m_PostInfinity: 2
    m_RotationOrder: 4
  spreadCustomCurve:
    serializedVersion: 2
    m_Curve:
    - time: 0
      value: 0
      inSlope: 0
      outSlope: 0
      tangentMode: 0
    m_PreInfinity: 2
    m_PostInfinity: 2
    m_RotationOrder: 4
  reverbZoneMixCustomCurve:
    serializedVersion: 2
    m_Curve:
    - time: 0
      value: 1
      inSlope: 0
      outSlope: 0
      tangentMode: 0
    m_PreInfinity: 2
    m_PostInfinity: 2
    m_RotationOrder: 4
--- !u!82 &82000011987202782
AudioSource:
  m_ObjectHideFlags: 1
  m_PrefabParentObject: {fileID: 0}
  m_PrefabInternal: {fileID: 100100000}
  m_GameObject: {fileID: 1000012963510340}
  m_Enabled: 1
  serializedVersion: 4
  OutputAudioMixerGroup: {fileID: 0}
  m_audioClip: {fileID: 8300000, guid: b700b5303ad45402f805c4dbd2600cc6, type: 3}
  m_PlayOnAwake: 0
  m_Volume: 1
  m_Pitch: 1
  Loop: 0
  Mute: 0
  Spatialize: 0
  Priority: 128
  DopplerLevel: 1
  MinDistance: 10
  MaxDistance: 100
  Pan2D: 0
  rolloffMode: 0
  BypassEffects: 0
  BypassListenerEffects: 0
  BypassReverbZones: 0
  rolloffCustomCurve:
    serializedVersion: 2
    m_Curve:
    - time: 0
      value: 1
      inSlope: 0
      outSlope: 0
      tangentMode: 0
    - time: 1
      value: 0
      inSlope: 0
      outSlope: 0
      tangentMode: 0
    m_PreInfinity: 2
    m_PostInfinity: 2
    m_RotationOrder: 4
  panLevelCustomCurve:
    serializedVersion: 2
    m_Curve:
    - time: 0
      value: 1
      inSlope: 0
      outSlope: 0
      tangentMode: 0
    m_PreInfinity: 2
    m_PostInfinity: 2
    m_RotationOrder: 4
  spreadCustomCurve:
    serializedVersion: 2
    m_Curve:
    - time: 0
      value: 0
      inSlope: 0
      outSlope: 0
      tangentMode: 0
    m_PreInfinity: 2
    m_PostInfinity: 2
    m_RotationOrder: 4
  reverbZoneMixCustomCurve:
    serializedVersion: 2
    m_Curve:
    - time: 0
      value: 1
      inSlope: 0
      outSlope: 0
      tangentMode: 0
    m_PreInfinity: 2
    m_PostInfinity: 2
    m_RotationOrder: 4
--- !u!82 &82000012277346884
AudioSource:
  m_ObjectHideFlags: 1
  m_PrefabParentObject: {fileID: 0}
  m_PrefabInternal: {fileID: 100100000}
  m_GameObject: {fileID: 1000012033436974}
  m_Enabled: 1
  serializedVersion: 4
  OutputAudioMixerGroup: {fileID: 0}
  m_audioClip: {fileID: 8300000, guid: c967e304d2d714fb3a3da714bc015e85, type: 3}
  m_PlayOnAwake: 0
  m_Volume: 1
  m_Pitch: 1
  Loop: 0
  Mute: 0
  Spatialize: 0
  Priority: 128
  DopplerLevel: 1
  MinDistance: 10
  MaxDistance: 100
  Pan2D: 0
  rolloffMode: 0
  BypassEffects: 0
  BypassListenerEffects: 0
  BypassReverbZones: 0
  rolloffCustomCurve:
    serializedVersion: 2
    m_Curve:
    - time: 0
      value: 1
      inSlope: 0
      outSlope: 0
      tangentMode: 0
    - time: 1
      value: 0
      inSlope: 0
      outSlope: 0
      tangentMode: 0
    m_PreInfinity: 2
    m_PostInfinity: 2
    m_RotationOrder: 4
  panLevelCustomCurve:
    serializedVersion: 2
    m_Curve:
    - time: 0
      value: 1
      inSlope: 0
      outSlope: 0
      tangentMode: 0
    m_PreInfinity: 2
    m_PostInfinity: 2
    m_RotationOrder: 4
  spreadCustomCurve:
    serializedVersion: 2
    m_Curve:
    - time: 0
      value: 0
      inSlope: 0
      outSlope: 0
      tangentMode: 0
    m_PreInfinity: 2
    m_PostInfinity: 2
    m_RotationOrder: 4
  reverbZoneMixCustomCurve:
    serializedVersion: 2
    m_Curve:
    - time: 0
      value: 1
      inSlope: 0
      outSlope: 0
      tangentMode: 0
    m_PreInfinity: 2
    m_PostInfinity: 2
    m_RotationOrder: 4
--- !u!82 &82000012586926386
AudioSource:
  m_ObjectHideFlags: 1
  m_PrefabParentObject: {fileID: 0}
  m_PrefabInternal: {fileID: 100100000}
  m_GameObject: {fileID: 1000011542582026}
  m_Enabled: 1
  serializedVersion: 4
  OutputAudioMixerGroup: {fileID: 0}
  m_audioClip: {fileID: 8300000, guid: 9ccf604eb9ecf41a2990140d8b4c36e4, type: 3}
  m_PlayOnAwake: 0
  m_Volume: 1
  m_Pitch: 1
  Loop: 0
  Mute: 0
  Spatialize: 0
  Priority: 128
  DopplerLevel: 1
  MinDistance: 10
  MaxDistance: 100
  Pan2D: 0
  rolloffMode: 0
  BypassEffects: 0
  BypassListenerEffects: 0
  BypassReverbZones: 0
  rolloffCustomCurve:
    serializedVersion: 2
    m_Curve:
    - time: 0
      value: 1
      inSlope: 0
      outSlope: 0
      tangentMode: 0
    - time: 1
      value: 0
      inSlope: 0
      outSlope: 0
      tangentMode: 0
    m_PreInfinity: 2
    m_PostInfinity: 2
    m_RotationOrder: 4
  panLevelCustomCurve:
    serializedVersion: 2
    m_Curve:
    - time: 0
      value: 1
      inSlope: 0
      outSlope: 0
      tangentMode: 0
    m_PreInfinity: 2
    m_PostInfinity: 2
    m_RotationOrder: 4
  spreadCustomCurve:
    serializedVersion: 2
    m_Curve:
    - time: 0
      value: 0
      inSlope: 0
      outSlope: 0
      tangentMode: 0
    m_PreInfinity: 2
    m_PostInfinity: 2
    m_RotationOrder: 4
  reverbZoneMixCustomCurve:
    serializedVersion: 2
    m_Curve:
    - time: 0
      value: 1
      inSlope: 0
      outSlope: 0
      tangentMode: 0
    m_PreInfinity: 2
    m_PostInfinity: 2
    m_RotationOrder: 4
--- !u!82 &82000012589484552
AudioSource:
  m_ObjectHideFlags: 1
  m_PrefabParentObject: {fileID: 0}
  m_PrefabInternal: {fileID: 100100000}
  m_GameObject: {fileID: 1000013483226338}
  m_Enabled: 1
  serializedVersion: 4
  OutputAudioMixerGroup: {fileID: 0}
  m_audioClip: {fileID: 8300000, guid: 4564e0acf0abc44689ee5228ce289e86, type: 3}
  m_PlayOnAwake: 0
  m_Volume: 1
  m_Pitch: 1
  Loop: 0
  Mute: 0
  Spatialize: 0
  Priority: 128
  DopplerLevel: 1
  MinDistance: 10
  MaxDistance: 100
  Pan2D: 0
  rolloffMode: 0
  BypassEffects: 0
  BypassListenerEffects: 0
  BypassReverbZones: 0
  rolloffCustomCurve:
    serializedVersion: 2
    m_Curve:
    - time: 0
      value: 1
      inSlope: 0
      outSlope: 0
      tangentMode: 0
    - time: 1
      value: 0
      inSlope: 0
      outSlope: 0
      tangentMode: 0
    m_PreInfinity: 2
    m_PostInfinity: 2
    m_RotationOrder: 4
  panLevelCustomCurve:
    serializedVersion: 2
    m_Curve:
    - time: 0
      value: 1
      inSlope: 0
      outSlope: 0
      tangentMode: 0
    m_PreInfinity: 2
    m_PostInfinity: 2
    m_RotationOrder: 4
  spreadCustomCurve:
    serializedVersion: 2
    m_Curve:
    - time: 0
      value: 0
      inSlope: 0
      outSlope: 0
      tangentMode: 0
    m_PreInfinity: 2
    m_PostInfinity: 2
    m_RotationOrder: 4
  reverbZoneMixCustomCurve:
    serializedVersion: 2
    m_Curve:
    - time: 0
      value: 1
      inSlope: 0
      outSlope: 0
      tangentMode: 0
    m_PreInfinity: 2
    m_PostInfinity: 2
    m_RotationOrder: 4
--- !u!82 &82000013155170016
AudioSource:
  m_ObjectHideFlags: 1
  m_PrefabParentObject: {fileID: 0}
  m_PrefabInternal: {fileID: 100100000}
  m_GameObject: {fileID: 1000011423138452}
  m_Enabled: 1
  serializedVersion: 4
  OutputAudioMixerGroup: {fileID: 0}
  m_audioClip: {fileID: 8300000, guid: 04dce60096ab74b0680769cbfbc55b7e, type: 3}
  m_PlayOnAwake: 0
  m_Volume: 1
  m_Pitch: 1
  Loop: 0
  Mute: 0
  Spatialize: 0
  Priority: 128
  DopplerLevel: 1
  MinDistance: 10
  MaxDistance: 100
  Pan2D: 0
  rolloffMode: 0
  BypassEffects: 0
  BypassListenerEffects: 0
  BypassReverbZones: 0
  rolloffCustomCurve:
    serializedVersion: 2
    m_Curve:
    - time: 0
      value: 1
      inSlope: 0
      outSlope: 0
      tangentMode: 0
    - time: 1
      value: 0
      inSlope: 0
      outSlope: 0
      tangentMode: 0
    m_PreInfinity: 2
    m_PostInfinity: 2
    m_RotationOrder: 4
  panLevelCustomCurve:
    serializedVersion: 2
    m_Curve:
    - time: 0
      value: 1
      inSlope: 0
      outSlope: 0
      tangentMode: 0
    m_PreInfinity: 2
    m_PostInfinity: 2
    m_RotationOrder: 4
  spreadCustomCurve:
    serializedVersion: 2
    m_Curve:
    - time: 0
      value: 0
      inSlope: 0
      outSlope: 0
      tangentMode: 0
    m_PreInfinity: 2
    m_PostInfinity: 2
    m_RotationOrder: 4
  reverbZoneMixCustomCurve:
    serializedVersion: 2
    m_Curve:
    - time: 0
      value: 1
      inSlope: 0
      outSlope: 0
      tangentMode: 0
    m_PreInfinity: 2
    m_PostInfinity: 2
    m_RotationOrder: 4
--- !u!82 &82000013158288530
AudioSource:
  m_ObjectHideFlags: 1
  m_PrefabParentObject: {fileID: 0}
  m_PrefabInternal: {fileID: 100100000}
  m_GameObject: {fileID: 1000011967864352}
  m_Enabled: 1
  serializedVersion: 4
  OutputAudioMixerGroup: {fileID: 0}
  m_audioClip: {fileID: 8300000, guid: 574f2c721fcac4779814bdcaa599b7a7, type: 3}
  m_PlayOnAwake: 0
  m_Volume: 1
  m_Pitch: 1
  Loop: 0
  Mute: 0
  Spatialize: 0
  Priority: 128
  DopplerLevel: 1
  MinDistance: 10
  MaxDistance: 100
  Pan2D: 0
  rolloffMode: 0
  BypassEffects: 0
  BypassListenerEffects: 0
  BypassReverbZones: 0
  rolloffCustomCurve:
    serializedVersion: 2
    m_Curve:
    - time: 0
      value: 1
      inSlope: 0
      outSlope: 0
      tangentMode: 0
    - time: 1
      value: 0
      inSlope: 0
      outSlope: 0
      tangentMode: 0
    m_PreInfinity: 2
    m_PostInfinity: 2
    m_RotationOrder: 4
  panLevelCustomCurve:
    serializedVersion: 2
    m_Curve:
    - time: 0
      value: 1
      inSlope: 0
      outSlope: 0
      tangentMode: 0
    m_PreInfinity: 2
    m_PostInfinity: 2
    m_RotationOrder: 4
  spreadCustomCurve:
    serializedVersion: 2
    m_Curve:
    - time: 0
      value: 0
      inSlope: 0
      outSlope: 0
      tangentMode: 0
    m_PreInfinity: 2
    m_PostInfinity: 2
    m_RotationOrder: 4
  reverbZoneMixCustomCurve:
    serializedVersion: 2
    m_Curve:
    - time: 0
      value: 1
      inSlope: 0
      outSlope: 0
      tangentMode: 0
    m_PreInfinity: 2
    m_PostInfinity: 2
    m_RotationOrder: 4
--- !u!82 &82000013396083198
AudioSource:
  m_ObjectHideFlags: 1
  m_PrefabParentObject: {fileID: 0}
  m_PrefabInternal: {fileID: 100100000}
  m_GameObject: {fileID: 1000012121608744}
  m_Enabled: 1
  serializedVersion: 4
  OutputAudioMixerGroup: {fileID: 0}
  m_audioClip: {fileID: 8300000, guid: dab021c88d92a4f7897b31e8898077ff, type: 3}
  m_PlayOnAwake: 0
  m_Volume: 1
  m_Pitch: 1
  Loop: 0
  Mute: 0
  Spatialize: 0
  Priority: 128
  DopplerLevel: 1
  MinDistance: 10
  MaxDistance: 100
  Pan2D: 0
  rolloffMode: 0
  BypassEffects: 0
  BypassListenerEffects: 0
  BypassReverbZones: 0
  rolloffCustomCurve:
    serializedVersion: 2
    m_Curve:
    - time: 0
      value: 1
      inSlope: 0
      outSlope: 0
      tangentMode: 0
    - time: 1
      value: 0
      inSlope: 0
      outSlope: 0
      tangentMode: 0
    m_PreInfinity: 2
    m_PostInfinity: 2
    m_RotationOrder: 4
  panLevelCustomCurve:
    serializedVersion: 2
    m_Curve:
    - time: 0
      value: 1
      inSlope: 0
      outSlope: 0
      tangentMode: 0
    m_PreInfinity: 2
    m_PostInfinity: 2
    m_RotationOrder: 4
  spreadCustomCurve:
    serializedVersion: 2
    m_Curve:
    - time: 0
      value: 0
      inSlope: 0
      outSlope: 0
      tangentMode: 0
    m_PreInfinity: 2
    m_PostInfinity: 2
    m_RotationOrder: 4
  reverbZoneMixCustomCurve:
    serializedVersion: 2
    m_Curve:
    - time: 0
      value: 1
      inSlope: 0
      outSlope: 0
      tangentMode: 0
    m_PreInfinity: 2
    m_PostInfinity: 2
    m_RotationOrder: 4
--- !u!82 &82000013763437538
AudioSource:
  m_ObjectHideFlags: 1
  m_PrefabParentObject: {fileID: 0}
  m_PrefabInternal: {fileID: 100100000}
  m_GameObject: {fileID: 1000012111298866}
  m_Enabled: 1
  serializedVersion: 4
  OutputAudioMixerGroup: {fileID: 0}
  m_audioClip: {fileID: 8300000, guid: 69137d39edff14c44b9b13f810f36d32, type: 3}
  m_PlayOnAwake: 0
  m_Volume: 1
  m_Pitch: 1
  Loop: 0
  Mute: 0
  Spatialize: 0
  Priority: 128
  DopplerLevel: 1
  MinDistance: 10
  MaxDistance: 100
  Pan2D: 0
  rolloffMode: 0
  BypassEffects: 0
  BypassListenerEffects: 0
  BypassReverbZones: 0
  rolloffCustomCurve:
    serializedVersion: 2
    m_Curve:
    - time: 0
      value: 1
      inSlope: 0
      outSlope: 0
      tangentMode: 0
    - time: 1
      value: 0
      inSlope: 0
      outSlope: 0
      tangentMode: 0
    m_PreInfinity: 2
    m_PostInfinity: 2
    m_RotationOrder: 4
  panLevelCustomCurve:
    serializedVersion: 2
    m_Curve:
    - time: 0
      value: 1
      inSlope: 0
      outSlope: 0
      tangentMode: 0
    m_PreInfinity: 2
    m_PostInfinity: 2
    m_RotationOrder: 4
  spreadCustomCurve:
    serializedVersion: 2
    m_Curve:
    - time: 0
      value: 0
      inSlope: 0
      outSlope: 0
      tangentMode: 0
    m_PreInfinity: 2
    m_PostInfinity: 2
    m_RotationOrder: 4
  reverbZoneMixCustomCurve:
    serializedVersion: 2
    m_Curve:
    - time: 0
      value: 1
      inSlope: 0
      outSlope: 0
      tangentMode: 0
    m_PreInfinity: 2
    m_PostInfinity: 2
    m_RotationOrder: 4
--- !u!114 &114000010080246716
MonoBehaviour:
  m_ObjectHideFlags: 1
  m_PrefabParentObject: {fileID: 0}
  m_PrefabInternal: {fileID: 100100000}
  m_GameObject: {fileID: 1000011588540612}
  m_Enabled: 1
  m_EditorHideFlags: 0
  m_Script: {fileID: 11500000, guid: db10a6d491569a8419b6f5e1bffc5243, type: 3}
  m_Name: 
  m_EditorClassIdentifier: 
  busIndex: -1
  spatialBlendType: 1
  spatialBlend: 1
  isSelected: 0
  isExpanded: 1
  groupMasterVolume: 1
  retriggerPercentage: 50
  curVariationMode: 0
  alwaysHighestPriority: 0
  chainLoopDelayMin: 0
  chainLoopDelayMax: 0
  chainLoopMode: 0
  chainLoopNumLoops: 0
  useDialogFadeOut: 0
  dialogFadeOutTime: 0.5
  curVariationSequence: 0
  useNoRepeatRefill: 1
  useInactivePeriodPoolRefill: 0
  inactivePeriodSeconds: 5
  groupVariations:
  - {fileID: 114000012078131288}
  - {fileID: 114000013346478628}
  - {fileID: 114000013961253240}
  bulkVariationMode: 0
  resourceClipsAllLoadAsync: 1
  logSound: 0
  copySettingsExpanded: 0
  selectedVariationIndex: 0
  childGroupMode: 0
  childSoundGroups: []
  limitMode: 0
  limitPerXFrames: 1
  minimumTimeBetween: 0.1
  useClipAgePriority: 0
  limitPolyphony: 0
  voiceLimitCount: 1
  targetDespawnedBehavior: 0
  despawnFadeTime: 1
  isUsingOcclusion: 0
  isSoloed: 0
  isMuted: 0
  soundPlayedEventActive: 0
  soundPlayedCustomEvent: 
  frames: 5246
--- !u!114 &114000010090136068
MonoBehaviour:
  m_ObjectHideFlags: 1
  m_PrefabParentObject: {fileID: 0}
  m_PrefabInternal: {fileID: 100100000}
  m_GameObject: {fileID: 1000011698449744}
  m_Enabled: 1
  m_EditorHideFlags: 0
  m_Script: {fileID: 11500000, guid: 931518f9ca6c3844891dee74db8ed494, type: 3}
  m_Name: 
  m_EditorClassIdentifier: 
  weight: 1
  useLocalization: 0
  useRandomPitch: 1
  randomPitchMode: 0
  randomPitchMin: -0.11
  randomPitchMax: 0
  useRandomVolume: 0
  randomVolumeMode: 0
  randomVolumeMin: 0
  randomVolumeMax: 0
  audLocation: 0
  resourceFileName: 
  internetFileUrl: 
  internetFileLoadStatus: 0
  fxTailTime: 0
  original_pitch: 0
  original_volume: 0
  isExpanded: 1
  isChecked: 1
  useFades: 0
  fadeInTime: 0
  fadeOutTime: 0
  useRandomStartTime: 0
  randomStartMinPercent: 0
  randomStartMaxPercent: 0
  useIntroSilence: 0
  introSilenceMin: 0
  introSilenceMax: 0
  fadeMaxVolume: 0
  curFadeMode: 0
  curDetectEndMode: 0
  frames: 0
--- !u!114 &114000010137912102
MonoBehaviour:
  m_ObjectHideFlags: 1
  m_PrefabParentObject: {fileID: 0}
  m_PrefabInternal: {fileID: 100100000}
  m_GameObject: {fileID: 1000014053114146}
  m_Enabled: 1
  m_EditorHideFlags: 0
  m_Script: {fileID: 11500000, guid: e1b7eb7dcef8b0e48a8572747ca7c64d, type: 3}
  m_Name: 
  m_EditorClassIdentifier: 
--- !u!114 &114000010344891472
MonoBehaviour:
  m_ObjectHideFlags: 1
  m_PrefabParentObject: {fileID: 0}
  m_PrefabInternal: {fileID: 100100000}
  m_GameObject: {fileID: 1000011155511642}
  m_Enabled: 1
  m_EditorHideFlags: 0
  m_Script: {fileID: 11500000, guid: e1b7eb7dcef8b0e48a8572747ca7c64d, type: 3}
  m_Name: 
  m_EditorClassIdentifier: 
--- !u!114 &114000010492525434
MonoBehaviour:
  m_ObjectHideFlags: 1
  m_PrefabParentObject: {fileID: 0}
  m_PrefabInternal: {fileID: 100100000}
  m_GameObject: {fileID: 1000011155511642}
  m_Enabled: 1
  m_EditorHideFlags: 0
  m_Script: {fileID: 11500000, guid: 931518f9ca6c3844891dee74db8ed494, type: 3}
  m_Name: 
  m_EditorClassIdentifier: 
  weight: 1
  useLocalization: 0
  useRandomPitch: 0
  randomPitchMode: 0
  randomPitchMin: 0
  randomPitchMax: 0
  useRandomVolume: 0
  randomVolumeMode: 0
  randomVolumeMin: 0
  randomVolumeMax: 0
  audLocation: 0
  resourceFileName: 
  internetFileUrl: 
  internetFileLoadStatus: 0
  fxTailTime: 0
  original_pitch: 0
  original_volume: 0
  isExpanded: 1
  isChecked: 1
  useFades: 0
  fadeInTime: 0
  fadeOutTime: 0
  useRandomStartTime: 0
  randomStartMinPercent: 0
  randomStartMaxPercent: 0
  useIntroSilence: 0
  introSilenceMin: 0
  introSilenceMax: 0
  fadeMaxVolume: 0
  curFadeMode: 0
  curDetectEndMode: 0
  frames: 0
--- !u!114 &114000010528101294
MonoBehaviour:
  m_ObjectHideFlags: 1
  m_PrefabParentObject: {fileID: 0}
  m_PrefabInternal: {fileID: 100100000}
  m_GameObject: {fileID: 1000013717832450}
  m_Enabled: 1
  m_EditorHideFlags: 0
  m_Script: {fileID: 11500000, guid: db10a6d491569a8419b6f5e1bffc5243, type: 3}
  m_Name: 
  m_EditorClassIdentifier: 
  busIndex: -1
  spatialBlendType: 1
  spatialBlend: 1
  isSelected: 0
  isExpanded: 1
  groupMasterVolume: 1
  retriggerPercentage: 50
  curVariationMode: 0
  alwaysHighestPriority: 0
  chainLoopDelayMin: 0
  chainLoopDelayMax: 0
  chainLoopMode: 0
  chainLoopNumLoops: 0
  useDialogFadeOut: 0
  dialogFadeOutTime: 0.5
  curVariationSequence: 0
  useNoRepeatRefill: 1
  useInactivePeriodPoolRefill: 0
  inactivePeriodSeconds: 5
  groupVariations:
  - {fileID: 114000013062246520}
  - {fileID: 114000013030942048}
  - {fileID: 114000010492525434}
  bulkVariationMode: 0
  resourceClipsAllLoadAsync: 1
  logSound: 0
  copySettingsExpanded: 0
  selectedVariationIndex: 0
  childGroupMode: 0
  childSoundGroups: []
  limitMode: 0
  limitPerXFrames: 1
  minimumTimeBetween: 0.1
  useClipAgePriority: 0
  limitPolyphony: 0
  voiceLimitCount: 1
  targetDespawnedBehavior: 0
  despawnFadeTime: 1
  isUsingOcclusion: 0
  isSoloed: 0
  isMuted: 0
  soundPlayedEventActive: 0
  soundPlayedCustomEvent: 
  frames: 2280
--- !u!114 &114000010814302132
MonoBehaviour:
  m_ObjectHideFlags: 1
  m_PrefabParentObject: {fileID: 0}
  m_PrefabInternal: {fileID: 100100000}
  m_GameObject: {fileID: 1000012121608744}
  m_Enabled: 1
  m_EditorHideFlags: 0
  m_Script: {fileID: 11500000, guid: 931518f9ca6c3844891dee74db8ed494, type: 3}
  m_Name: 
  m_EditorClassIdentifier: 
  weight: 1
  useLocalization: 0
  useRandomPitch: 0
  randomPitchMode: 0
  randomPitchMin: 0
  randomPitchMax: 0
  useRandomVolume: 0
  randomVolumeMode: 0
  randomVolumeMin: 0
  randomVolumeMax: 0
  audLocation: 0
  resourceFileName: 
  internetFileUrl: 
  internetFileLoadStatus: 0
  fxTailTime: 0
  original_pitch: 0
  original_volume: 0
  isExpanded: 1
  isChecked: 1
  useFades: 0
  fadeInTime: 0
  fadeOutTime: 0
  useRandomStartTime: 0
  randomStartMinPercent: 0
  randomStartMaxPercent: 0
  useIntroSilence: 0
  introSilenceMin: 0
  introSilenceMax: 0
  fadeMaxVolume: 0
  curFadeMode: 0
  curDetectEndMode: 0
  frames: 0
--- !u!114 &114000011005311580
MonoBehaviour:
  m_ObjectHideFlags: 1
  m_PrefabParentObject: {fileID: 0}
  m_PrefabInternal: {fileID: 100100000}
  m_GameObject: {fileID: 1000011698449744}
  m_Enabled: 1
  m_EditorHideFlags: 0
  m_Script: {fileID: 11500000, guid: e1b7eb7dcef8b0e48a8572747ca7c64d, type: 3}
  m_Name: 
  m_EditorClassIdentifier: 
--- !u!114 &114000011051905150
MonoBehaviour:
  m_ObjectHideFlags: 1
  m_PrefabParentObject: {fileID: 0}
  m_PrefabInternal: {fileID: 100100000}
  m_GameObject: {fileID: 1000013605019612}
  m_Enabled: 1
  m_EditorHideFlags: 0
  m_Script: {fileID: 11500000, guid: db10a6d491569a8419b6f5e1bffc5243, type: 3}
  m_Name: 
  m_EditorClassIdentifier: 
  busIndex: -1
  spatialBlendType: 1
  spatialBlend: 1
  isSelected: 0
  isExpanded: 1
  groupMasterVolume: 1
  retriggerPercentage: 50
  curVariationMode: 0
  alwaysHighestPriority: 0
  chainLoopDelayMin: 0
  chainLoopDelayMax: 0
  chainLoopMode: 0
  chainLoopNumLoops: 0
  useDialogFadeOut: 0
  dialogFadeOutTime: 0.5
  curVariationSequence: 0
  useNoRepeatRefill: 1
  useInactivePeriodPoolRefill: 0
  inactivePeriodSeconds: 5
  groupVariations:
  - {fileID: 114000011972108504}
  bulkVariationMode: 0
  resourceClipsAllLoadAsync: 1
  logSound: 0
  copySettingsExpanded: 0
  selectedVariationIndex: 0
  childGroupMode: 0
  childSoundGroups: []
  limitMode: 0
  limitPerXFrames: 1
  minimumTimeBetween: 0.1
  useClipAgePriority: 0
  limitPolyphony: 0
  voiceLimitCount: 1
  targetDespawnedBehavior: 0
  despawnFadeTime: 1
  isUsingOcclusion: 0
  isSoloed: 0
  isMuted: 0
  soundPlayedEventActive: 0
  soundPlayedCustomEvent: 
  frames: 0
--- !u!114 &114000011119137750
MonoBehaviour:
  m_ObjectHideFlags: 1
  m_PrefabParentObject: {fileID: 0}
  m_PrefabInternal: {fileID: 100100000}
  m_GameObject: {fileID: 1000013483226338}
  m_Enabled: 1
  m_EditorHideFlags: 0
  m_Script: {fileID: 11500000, guid: e1b7eb7dcef8b0e48a8572747ca7c64d, type: 3}
  m_Name: 
  m_EditorClassIdentifier: 
--- !u!114 &114000011346719656
MonoBehaviour:
  m_ObjectHideFlags: 1
  m_PrefabParentObject: {fileID: 0}
  m_PrefabInternal: {fileID: 100100000}
  m_GameObject: {fileID: 1000012033436974}
  m_Enabled: 1
  m_EditorHideFlags: 0
  m_Script: {fileID: 11500000, guid: 931518f9ca6c3844891dee74db8ed494, type: 3}
  m_Name: 
  m_EditorClassIdentifier: 
  weight: 1
  useLocalization: 0
  useRandomPitch: 0
  randomPitchMode: 0
  randomPitchMin: 0
  randomPitchMax: 0
  useRandomVolume: 0
  randomVolumeMode: 0
  randomVolumeMin: 0
  randomVolumeMax: 0
  audLocation: 0
  resourceFileName: 
  internetFileUrl: 
  internetFileLoadStatus: 0
  fxTailTime: 0
  original_pitch: 0
  original_volume: 0
  isExpanded: 1
  isChecked: 1
  useFades: 0
  fadeInTime: 0
  fadeOutTime: 0
  useRandomStartTime: 0
  randomStartMinPercent: 0
  randomStartMaxPercent: 0
  useIntroSilence: 0
  introSilenceMin: 0
  introSilenceMax: 0
  fadeMaxVolume: 0
  curFadeMode: 0
  curDetectEndMode: 0
  frames: 0
--- !u!114 &114000011399823608
MonoBehaviour:
  m_ObjectHideFlags: 1
  m_PrefabParentObject: {fileID: 0}
  m_PrefabInternal: {fileID: 100100000}
  m_GameObject: {fileID: 1000014185419752}
  m_Enabled: 1
  m_EditorHideFlags: 0
  m_Script: {fileID: 11500000, guid: 95c355370a70a4ae5bf187f77a55d870, type: 3}
  m_Name: 
  m_EditorClassIdentifier: 
  bulkLocationMode: 0
  groupTemplateName: Default Single
  audioSourceTemplateName: Max Distance 100
  showGroupCreation: 1
  useGroupTemplates: 1
  curDragGroupMode: 0
  groupTemplates:
  - {fileID: 100002, guid: a036130946440784697f97e58f7bce74, type: 2}
  - {fileID: 100002, guid: 40c1daaa2126cfa4a92cff681c252244, type: 2}
  - {fileID: 100002, guid: fb6bac59c3f50474592e085946e6cf40, type: 2}
  - {fileID: 100002, guid: a2da8b1d9cf62c248be3137aaef60a3b, type: 2}
  - {fileID: 100002, guid: 691a6f1209fa3d54a8a36630f80dc933, type: 2}
  - {fileID: 100002, guid: fccdbba7982ee434eb05b210a8f0b0b2, type: 2}
  - {fileID: 100002, guid: f566e977847e4434db293e9d8833b1e9, type: 2}
  - {fileID: 100002, guid: 5b226bf0d31bc3d43b3f8066831be1b5, type: 2}
  - {fileID: 100002, guid: 0a3d648f3837d9c46b3ac8b058e7557a, type: 2}
  - {fileID: 100002, guid: c56a14c1d4a84c244b1decb06321b99d, type: 2}
  - {fileID: 100002, guid: c9e80ee524d0d424e8dc825e559382d7, type: 2}
  - {fileID: 100002, guid: df4db02d422d1c446bdd07cba1454dd8, type: 2}
  - {fileID: 100002, guid: 2461dd99b7e13564a840a5239bda2424, type: 2}
  - {fileID: 100002, guid: 553ff58c879c78e42845aad5471ce96e, type: 2}
  - {fileID: 100002, guid: ac1ae426ab9cbb84c9b9f3fbc1d746c3, type: 2}
  - {fileID: 100002, guid: 69de77074efd0d54f8feda75753661d7, type: 2}
  - {fileID: 100002, guid: 8c6f43ba11a24f547b4dc41570bef8a9, type: 2}
  - {fileID: 100002, guid: a07236567302b6c4085ab35237ee1ffa, type: 2}
  - {fileID: 100002, guid: 7bb65142c02eb9d478b4c53dce6d68cd, type: 2}
  audioSourceTemplates:
  - {fileID: 100000, guid: 0ffecea0fa4184f4a920937c179efeac, type: 2}
  - {fileID: 100000, guid: ccfd73e349a99d94a8c2bd721ad4d37e, type: 2}
  - {fileID: 100000, guid: 920eb96260bc8134a993050495c0dcea, type: 2}
  - {fileID: 100000, guid: 651711ac69d890145bed953761824113, type: 2}
  mixerMuted: 0
  playlistsMuted: 0
  langMode: 0
  testLanguage: 10
  defaultLanguage: 10
  supportedLanguages: 0a000000
  busFilter: 
  useTextGroupFilter: 0
  textGroupFilter: 
  resourceClipsPauseDoNotUnload: 0
  resourceClipsAllLoadAsync: 1
  playlistControllerPrefab: {fileID: 400000, guid: 8d628ddcfa7a21e49a762de30fc7e9dd,
    type: 2}
  persistBetweenScenes: 0
  areGroupsExpanded: 1
  soundGroupTemplate: {fileID: 400008, guid: 877a3a4bf0a4abf43aba41125e1d3101, type: 2}
  soundGroupVariationTemplate: {fileID: 400000, guid: 08eea2d8c4572c7479da53cfbc14bde6,
    type: 2}
  groupBuses: []
  groupByBus: 1
  showGizmos: 1
  showAdvancedSettings: 0
  showLocalization: 0
  playListExpanded: 0
  playlistsExpanded: 1
  musicSpatialBlendType: 0
  musicSpatialBlend: 0
  mixerSpatialBlendType: 1
  mixerSpatialBlend: 1
  newGroupSpatialType: 1
  newGroupSpatialBlend: 1
  musicPlaylists:
  - isExpanded: 1
    playlistName: marchMusic
    songTransitionType: 1
    MusicSettings:
    - alias: 
      audLocation: 0
      clip: {fileID: 8300000, guid: 156c725a7bf0f43f997253c6540420eb, type: 3}
      songName: SheDwarf_march
      resourceFileName: 
      volume: 1
      pitch: 1
      isExpanded: 0
      isLoop: 1
      customStartTime: 0
      lastKnownTimePoint: 0
      songIndex: 0
      songStartedEventExpanded: 0
      songStartedCustomEvent: 
      songChangedEventExpanded: 0
      songChangedCustomEvent: 
    bulkLocationMode: 0
    crossfadeMode: 0
    crossFadeTime: 1
    fadeInFirstSong: 0
    fadeOutLastSong: 0
    resourceClipsAllLoadAsync: 1
  - isExpanded: 1
    playlistName: laidback
    songTransitionType: 1
    MusicSettings:
    - alias: 
      audLocation: 0
      clip: {fileID: 8300000, guid: c94fe236b87c442459d6ef517f1f1080, type: 3}
      songName: LaidBack_SheDwarf
      resourceFileName: 
      volume: 1
      pitch: 1
      isExpanded: 1
      isLoop: 0
      customStartTime: 0
      lastKnownTimePoint: 0
      songIndex: 0
      songStartedEventExpanded: 0
      songStartedCustomEvent: 
      songChangedEventExpanded: 0
      songChangedCustomEvent: 
    bulkLocationMode: 0
    crossfadeMode: 0
    crossFadeTime: 1
    fadeInFirstSong: 0
    fadeOutLastSong: 0
    resourceClipsAllLoadAsync: 1
  _masterAudioVolume: 1
  ignoreTimeScale: 0
  useGaplessPlaylists: 0
  saveRuntimeChanges: 0
  prioritizeOnDistance: 0
  rePrioritizeEverySecIndex: 0
  useOcclusion: 0
  reOccludeEverySecIndex: 1
  occlusionMaxCutoffFreq: 0
  occlusionMinCutoffFreq: 22000
  occlusionSelectType: 0
  occlusionUseLayerMask: 0
  occlusionLayerMask:
    serializedVersion: 2
    m_Bits: 0
  occlusionShowRaycasts: 1
  occlusionShowCategories: 0
  occlusionRaycastMode: 0
  occlusionIncludeStartRaycast2DCollider: 1
  visualAdvancedExpanded: 0
  logAdvancedExpanded: 0
  showFadingSettings: 0
  stopZeroVolumeVariations: 0
  stopZeroVolumeGroups: 0
  stopZeroVolumeBuses: 0
  stopZeroVolumePlaylists: 0
  resourceAdvancedExpanded: 0
  useClipAgePriority: 0
  LogSounds: 0
  logCustomEvents: 0
  disableLogging: 0
  showMusicDucking: 0
  enableMusicDucking: 1
  musicDuckingSounds: []
  defaultRiseVolStart: 0.5
  defaultUnduckTime: 1
  defaultDuckedVolumeCut: -6
  crossFadeTime: 1
  _masterPlaylistVolume: 1
  showGroupSelect: 0
  hideGroupsWithNoActiveVars: 0
  newEventName: hammer
  showCustomEvents: 0
  customEvents:
  - EventName: blockPush
    ProspectiveName: blockPush
    eventExpanded: 1
    eventReceiveMode: 0
    distanceThreshold: 1
    frameLastFired: -1
  - EventName: lockCubeOpen
    ProspectiveName: lockCubeOpen
    eventExpanded: 1
    eventReceiveMode: 0
    distanceThreshold: 1
    frameLastFired: -1
  - EventName: grublinKills
    ProspectiveName: grublinKills
    eventExpanded: 1
    eventReceiveMode: 0
    distanceThreshold: 1
    frameLastFired: -1
  - EventName: owlKills
    ProspectiveName: owlKills
    eventExpanded: 1
    eventReceiveMode: 0
    distanceThreshold: 1
    frameLastFired: -1
  - EventName: owlDies
    ProspectiveName: owlDies
    eventExpanded: 1
    eventReceiveMode: 0
    distanceThreshold: 1
    frameLastFired: -1
  - EventName: hammer
    ProspectiveName: hammer
    eventExpanded: 1
    eventReceiveMode: 0
    distanceThreshold: 1
    frameLastFired: -1
  frames: 0
  showUnityMixerGroupAssignment: 1
--- !u!114 &114000011735875148
MonoBehaviour:
  m_ObjectHideFlags: 1
  m_PrefabParentObject: {fileID: 0}
  m_PrefabInternal: {fileID: 100100000}
  m_GameObject: {fileID: 1000013870079554}
  m_Enabled: 1
  m_EditorHideFlags: 0
  m_Script: {fileID: 11500000, guid: e1b7eb7dcef8b0e48a8572747ca7c64d, type: 3}
  m_Name: 
  m_EditorClassIdentifier: 
--- !u!114 &114000011739621090
MonoBehaviour:
  m_ObjectHideFlags: 1
  m_PrefabParentObject: {fileID: 0}
  m_PrefabInternal: {fileID: 100100000}
  m_GameObject: {fileID: 1000014095119700}
  m_Enabled: 1
  m_EditorHideFlags: 0
  m_Script: {fileID: 11500000, guid: db10a6d491569a8419b6f5e1bffc5243, type: 3}
  m_Name: 
  m_EditorClassIdentifier: 
  busIndex: -1
  spatialBlendType: 1
  spatialBlend: 1
  isSelected: 0
  isExpanded: 1
  groupMasterVolume: 1
  retriggerPercentage: 0
  curVariationMode: 0
  alwaysHighestPriority: 0
  chainLoopDelayMin: 0
  chainLoopDelayMax: 0
  chainLoopMode: 0
  chainLoopNumLoops: 0
  useDialogFadeOut: 0
  dialogFadeOutTime: 0.5
  curVariationSequence: 0
  useNoRepeatRefill: 1
  useInactivePeriodPoolRefill: 0
  inactivePeriodSeconds: 5
  groupVariations:
  - {fileID: 114000010090136068}
  bulkVariationMode: 0
  resourceClipsAllLoadAsync: 1
  logSound: 0
  copySettingsExpanded: 0
  selectedVariationIndex: 0
  childGroupMode: 0
  childSoundGroups: []
  limitMode: 0
  limitPerXFrames: 1
  minimumTimeBetween: 0.1
  useClipAgePriority: 0
  limitPolyphony: 0
  voiceLimitCount: 1
  targetDespawnedBehavior: 0
  despawnFadeTime: 1
  isUsingOcclusion: 0
  isSoloed: 0
  isMuted: 0
  soundPlayedEventActive: 0
  soundPlayedCustomEvent: 
  frames: 1870
--- !u!114 &114000011899735560
MonoBehaviour:
  m_ObjectHideFlags: 1
  m_PrefabParentObject: {fileID: 0}
  m_PrefabInternal: {fileID: 100100000}
  m_GameObject: {fileID: 1000011967864352}
  m_Enabled: 1
  m_EditorHideFlags: 0
  m_Script: {fileID: 11500000, guid: 931518f9ca6c3844891dee74db8ed494, type: 3}
  m_Name: 
  m_EditorClassIdentifier: 
  weight: 8
  useLocalization: 0
  useRandomPitch: 1
  randomPitchMode: 0
  randomPitchMin: -0.04
  randomPitchMax: 0.07
  useRandomVolume: 0
  randomVolumeMode: 0
  randomVolumeMin: 0
  randomVolumeMax: 0
  audLocation: 0
  resourceFileName: 
  internetFileUrl: 
  internetFileLoadStatus: 0
  fxTailTime: 0
  original_pitch: 0
  original_volume: 0
  isExpanded: 1
  isChecked: 1
  useFades: 0
  fadeInTime: 0
  fadeOutTime: 0
  useRandomStartTime: 0
  randomStartMinPercent: 0
  randomStartMaxPercent: 0
  useIntroSilence: 0
  introSilenceMin: 0
  introSilenceMax: 0
  fadeMaxVolume: 0
  curFadeMode: 0
  curDetectEndMode: 0
  frames: 0
--- !u!114 &114000011972108504
MonoBehaviour:
  m_ObjectHideFlags: 1
  m_PrefabParentObject: {fileID: 0}
  m_PrefabInternal: {fileID: 100100000}
  m_GameObject: {fileID: 1000012111298866}
  m_Enabled: 1
  m_EditorHideFlags: 0
  m_Script: {fileID: 11500000, guid: 931518f9ca6c3844891dee74db8ed494, type: 3}
  m_Name: 
  m_EditorClassIdentifier: 
  weight: 1
  useLocalization: 0
  useRandomPitch: 0
  randomPitchMode: 0
  randomPitchMin: 0
  randomPitchMax: 0
  useRandomVolume: 0
  randomVolumeMode: 0
  randomVolumeMin: 0
  randomVolumeMax: 0
  audLocation: 0
  resourceFileName: 
  internetFileUrl: 
  internetFileLoadStatus: 0
  fxTailTime: 0
  original_pitch: 0
  original_volume: 0
  isExpanded: 1
  isChecked: 1
  useFades: 0
  fadeInTime: 0
  fadeOutTime: 0
  useRandomStartTime: 0
  randomStartMinPercent: 0
  randomStartMaxPercent: 0
  useIntroSilence: 0
  introSilenceMin: 0
  introSilenceMax: 0
  fadeMaxVolume: 0
  curFadeMode: 0
  curDetectEndMode: 0
  frames: 0
--- !u!114 &114000012020989684
MonoBehaviour:
  m_ObjectHideFlags: 1
  m_PrefabParentObject: {fileID: 0}
  m_PrefabInternal: {fileID: 100100000}
  m_GameObject: {fileID: 1000011423138452}
  m_Enabled: 1
  m_EditorHideFlags: 0
  m_Script: {fileID: 11500000, guid: e1b7eb7dcef8b0e48a8572747ca7c64d, type: 3}
  m_Name: 
  m_EditorClassIdentifier: 
--- !u!114 &114000012024341134
MonoBehaviour:
  m_ObjectHideFlags: 1
  m_PrefabParentObject: {fileID: 0}
  m_PrefabInternal: {fileID: 100100000}
  m_GameObject: {fileID: 1000012033436974}
  m_Enabled: 1
  m_EditorHideFlags: 0
  m_Script: {fileID: 11500000, guid: e1b7eb7dcef8b0e48a8572747ca7c64d, type: 3}
  m_Name: 
  m_EditorClassIdentifier: 
--- !u!114 &114000012078131288
MonoBehaviour:
  m_ObjectHideFlags: 1
  m_PrefabParentObject: {fileID: 0}
  m_PrefabInternal: {fileID: 100100000}
  m_GameObject: {fileID: 1000011423138452}
  m_Enabled: 1
  m_EditorHideFlags: 0
  m_Script: {fileID: 11500000, guid: 931518f9ca6c3844891dee74db8ed494, type: 3}
  m_Name: 
  m_EditorClassIdentifier: 
  weight: 1
  useLocalization: 0
  useRandomPitch: 0
  randomPitchMode: 0
  randomPitchMin: 0
  randomPitchMax: 0
  useRandomVolume: 0
  randomVolumeMode: 0
  randomVolumeMin: 0
  randomVolumeMax: 0
  audLocation: 0
  resourceFileName: 
  internetFileUrl: 
  internetFileLoadStatus: 0
  fxTailTime: 0
  original_pitch: 0
  original_volume: 0
  isExpanded: 1
  isChecked: 1
  useFades: 0
  fadeInTime: 0
  fadeOutTime: 0
  useRandomStartTime: 0
  randomStartMinPercent: 0
  randomStartMaxPercent: 0
  useIntroSilence: 0
  introSilenceMin: 0
  introSilenceMax: 0
  fadeMaxVolume: 0
  curFadeMode: 0
  curDetectEndMode: 0
  frames: 0
--- !u!114 &114000012097132314
MonoBehaviour:
  m_ObjectHideFlags: 1
  m_PrefabParentObject: {fileID: 0}
  m_PrefabInternal: {fileID: 100100000}
  m_GameObject: {fileID: 1000012121608744}
  m_Enabled: 1
  m_EditorHideFlags: 0
  m_Script: {fileID: 11500000, guid: e1b7eb7dcef8b0e48a8572747ca7c64d, type: 3}
  m_Name: 
  m_EditorClassIdentifier: 
--- !u!114 &114000012144026616
MonoBehaviour:
  m_ObjectHideFlags: 1
  m_PrefabParentObject: {fileID: 0}
  m_PrefabInternal: {fileID: 100100000}
  m_GameObject: {fileID: 1000011303045762}
  m_Enabled: 1
  m_EditorHideFlags: 0
  m_Script: {fileID: 11500000, guid: db10a6d491569a8419b6f5e1bffc5243, type: 3}
  m_Name: 
  m_EditorClassIdentifier: 
  busIndex: -1
  spatialBlendType: 1
  spatialBlend: 1
  isSelected: 0
  isExpanded: 1
  groupMasterVolume: 1
  retriggerPercentage: 50
  curVariationMode: 0
  alwaysHighestPriority: 0
  chainLoopDelayMin: 0
  chainLoopDelayMax: 0
  chainLoopMode: 0
  chainLoopNumLoops: 0
  useDialogFadeOut: 0
  dialogFadeOutTime: 0.5
  curVariationSequence: 0
  useNoRepeatRefill: 1
  useInactivePeriodPoolRefill: 0
  inactivePeriodSeconds: 5
  groupVariations:
  - {fileID: 114000013774732308}
  - {fileID: 114000011346719656}
  bulkVariationMode: 0
  resourceClipsAllLoadAsync: 1
  logSound: 0
  copySettingsExpanded: 0
  selectedVariationIndex: 0
  childGroupMode: 0
  childSoundGroups: []
  limitMode: 0
  limitPerXFrames: 1
  minimumTimeBetween: 0.1
  useClipAgePriority: 0
  limitPolyphony: 0
  voiceLimitCount: 1
  targetDespawnedBehavior: 0
  despawnFadeTime: 1
  isUsingOcclusion: 0
  isSoloed: 0
  isMuted: 0
  soundPlayedEventActive: 0
  soundPlayedCustomEvent: 
  frames: 368
--- !u!114 &114000012254925914
MonoBehaviour:
  m_ObjectHideFlags: 1
  m_PrefabParentObject: {fileID: 0}
  m_PrefabInternal: {fileID: 100100000}
  m_GameObject: {fileID: 1000011542582026}
  m_Enabled: 1
  m_EditorHideFlags: 0
  m_Script: {fileID: 11500000, guid: 931518f9ca6c3844891dee74db8ed494, type: 3}
  m_Name: 
  m_EditorClassIdentifier: 
  weight: 1
  useLocalization: 0
  useRandomPitch: 0
  randomPitchMode: 0
  randomPitchMin: 0
  randomPitchMax: 0
  useRandomVolume: 0
  randomVolumeMode: 0
  randomVolumeMin: 0
  randomVolumeMax: 0
  audLocation: 0
  resourceFileName: 
  internetFileUrl: 
  internetFileLoadStatus: 0
  fxTailTime: 0
  original_pitch: 0
  original_volume: 0
  isExpanded: 1
  isChecked: 1
  useFades: 0
  fadeInTime: 0
  fadeOutTime: 0
  useRandomStartTime: 0
  randomStartMinPercent: 0
  randomStartMaxPercent: 0
  useIntroSilence: 0
  introSilenceMin: 0
  introSilenceMax: 0
  fadeMaxVolume: 0
  curFadeMode: 0
  curDetectEndMode: 0
  frames: 0
--- !u!114 &114000012353401536
MonoBehaviour:
  m_ObjectHideFlags: 1
  m_PrefabParentObject: {fileID: 0}
  m_PrefabInternal: {fileID: 100100000}
  m_GameObject: {fileID: 1000014014019770}
  m_Enabled: 1
  m_EditorHideFlags: 0
  m_Script: {fileID: 11500000, guid: e1b7eb7dcef8b0e48a8572747ca7c64d, type: 3}
  m_Name: 
  m_EditorClassIdentifier: 
--- !u!114 &114000012532834882
MonoBehaviour:
  m_ObjectHideFlags: 1
  m_PrefabParentObject: {fileID: 0}
  m_PrefabInternal: {fileID: 100100000}
  m_GameObject: {fileID: 1000011542582026}
  m_Enabled: 1
  m_EditorHideFlags: 0
  m_Script: {fileID: 11500000, guid: e1b7eb7dcef8b0e48a8572747ca7c64d, type: 3}
  m_Name: 
  m_EditorClassIdentifier: 
--- !u!114 &114000013030942048
MonoBehaviour:
  m_ObjectHideFlags: 1
  m_PrefabParentObject: {fileID: 0}
  m_PrefabInternal: {fileID: 100100000}
  m_GameObject: {fileID: 1000013483226338}
  m_Enabled: 1
  m_EditorHideFlags: 0
  m_Script: {fileID: 11500000, guid: 931518f9ca6c3844891dee74db8ed494, type: 3}
  m_Name: 
  m_EditorClassIdentifier: 
  weight: 1
  useLocalization: 0
  useRandomPitch: 0
  randomPitchMode: 0
  randomPitchMin: 0
  randomPitchMax: 0
  useRandomVolume: 0
  randomVolumeMode: 0
  randomVolumeMin: 0
  randomVolumeMax: 0
  audLocation: 0
  resourceFileName: 
  internetFileUrl: 
  internetFileLoadStatus: 0
  fxTailTime: 0
  original_pitch: 0
  original_volume: 0
  isExpanded: 1
  isChecked: 1
  useFades: 0
  fadeInTime: 0
  fadeOutTime: 0
  useRandomStartTime: 0
  randomStartMinPercent: 0
  randomStartMaxPercent: 0
  useIntroSilence: 0
  introSilenceMin: 0
  introSilenceMax: 0
  fadeMaxVolume: 0
  curFadeMode: 0
  curDetectEndMode: 0
  frames: 0
--- !u!114 &114000013062246520
MonoBehaviour:
  m_ObjectHideFlags: 1
  m_PrefabParentObject: {fileID: 0}
  m_PrefabInternal: {fileID: 100100000}
  m_GameObject: {fileID: 1000014014019770}
  m_Enabled: 1
  m_EditorHideFlags: 0
  m_Script: {fileID: 11500000, guid: 931518f9ca6c3844891dee74db8ed494, type: 3}
  m_Name: 
  m_EditorClassIdentifier: 
  weight: 1
  useLocalization: 0
  useRandomPitch: 0
  randomPitchMode: 0
  randomPitchMin: 0
  randomPitchMax: 0
  useRandomVolume: 0
  randomVolumeMode: 0
  randomVolumeMin: 0
  randomVolumeMax: 0
  audLocation: 0
  resourceFileName: 
  internetFileUrl: 
  internetFileLoadStatus: 0
  fxTailTime: 0
  original_pitch: 0
  original_volume: 0
  isExpanded: 1
  isChecked: 1
  useFades: 0
  fadeInTime: 0
  fadeOutTime: 0
  useRandomStartTime: 0
  randomStartMinPercent: 0
  randomStartMaxPercent: 0
  useIntroSilence: 0
  introSilenceMin: 0
  introSilenceMax: 0
  fadeMaxVolume: 0
  curFadeMode: 0
  curDetectEndMode: 0
  frames: 0
--- !u!114 &114000013284775220
MonoBehaviour:
  m_ObjectHideFlags: 1
  m_PrefabParentObject: {fileID: 0}
  m_PrefabInternal: {fileID: 100100000}
  m_GameObject: {fileID: 1000011967864352}
  m_Enabled: 1
  m_EditorHideFlags: 0
  m_Script: {fileID: 11500000, guid: e1b7eb7dcef8b0e48a8572747ca7c64d, type: 3}
  m_Name: 
  m_EditorClassIdentifier: 
--- !u!114 &114000013346478628
MonoBehaviour:
  m_ObjectHideFlags: 1
  m_PrefabParentObject: {fileID: 0}
  m_PrefabInternal: {fileID: 100100000}
  m_GameObject: {fileID: 1000012963510340}
  m_Enabled: 1
  m_EditorHideFlags: 0
  m_Script: {fileID: 11500000, guid: 931518f9ca6c3844891dee74db8ed494, type: 3}
  m_Name: 
  m_EditorClassIdentifier: 
  weight: 1
  useLocalization: 0
  useRandomPitch: 0
  randomPitchMode: 0
  randomPitchMin: 0
  randomPitchMax: 0
  useRandomVolume: 0
  randomVolumeMode: 0
  randomVolumeMin: 0
  randomVolumeMax: 0
  audLocation: 0
  resourceFileName: 
  internetFileUrl: 
  internetFileLoadStatus: 0
  fxTailTime: 0
  original_pitch: 0
  original_volume: 0
  isExpanded: 1
  isChecked: 1
  useFades: 0
  fadeInTime: 0
  fadeOutTime: 0
  useRandomStartTime: 0
  randomStartMinPercent: 0
  randomStartMaxPercent: 0
  useIntroSilence: 0
  introSilenceMin: 0
  introSilenceMax: 0
  fadeMaxVolume: 0
  curFadeMode: 0
  curDetectEndMode: 0
  frames: 0
--- !u!114 &114000013465903044
MonoBehaviour:
  m_ObjectHideFlags: 1
  m_PrefabParentObject: {fileID: 0}
  m_PrefabInternal: {fileID: 100100000}
  m_GameObject: {fileID: 1000012963510340}
  m_Enabled: 1
  m_EditorHideFlags: 0
  m_Script: {fileID: 11500000, guid: e1b7eb7dcef8b0e48a8572747ca7c64d, type: 3}
  m_Name: 
  m_EditorClassIdentifier: 
--- !u!114 &114000013488377024
MonoBehaviour:
  m_ObjectHideFlags: 1
  m_PrefabParentObject: {fileID: 0}
  m_PrefabInternal: {fileID: 100100000}
  m_GameObject: {fileID: 1000010438274320}
  m_Enabled: 1
  m_EditorHideFlags: 0
  m_Script: {fileID: 11500000, guid: db10a6d491569a8419b6f5e1bffc5243, type: 3}
  m_Name: 
  m_EditorClassIdentifier: 
  busIndex: -1
  spatialBlendType: 1
  spatialBlend: 1
  isSelected: 0
  isExpanded: 1
  groupMasterVolume: 1
  retriggerPercentage: 50
  curVariationMode: 0
  alwaysHighestPriority: 0
  chainLoopDelayMin: 0
  chainLoopDelayMax: 0
  chainLoopMode: 0
  chainLoopNumLoops: 0
  useDialogFadeOut: 0
  dialogFadeOutTime: 0.5
  curVariationSequence: 0
  useNoRepeatRefill: 1
  useInactivePeriodPoolRefill: 0
  inactivePeriodSeconds: 5
  groupVariations:
  - {fileID: 114000012254925914}
  bulkVariationMode: 0
  resourceClipsAllLoadAsync: 1
  logSound: 0
  copySettingsExpanded: 0
  selectedVariationIndex: 0
  childGroupMode: 0
  childSoundGroups: []
  limitMode: 0
  limitPerXFrames: 1
  minimumTimeBetween: 0.1
  useClipAgePriority: 0
  limitPolyphony: 0
  voiceLimitCount: 1
  targetDespawnedBehavior: 0
  despawnFadeTime: 1
  isUsingOcclusion: 0
  isSoloed: 0
  isMuted: 0
  soundPlayedEventActive: 0
  soundPlayedCustomEvent: 
  frames: 536
--- !u!114 &114000013549085828
MonoBehaviour:
  m_ObjectHideFlags: 1
  m_PrefabParentObject: {fileID: 0}
  m_PrefabInternal: {fileID: 100100000}
  m_GameObject: {fileID: 1000010951308782}
  m_Enabled: 1
  m_EditorHideFlags: 0
  m_Script: {fileID: 11500000, guid: db10a6d491569a8419b6f5e1bffc5243, type: 3}
  m_Name: 
  m_EditorClassIdentifier: 
  busIndex: -1
  spatialBlendType: 1
  spatialBlend: 1
  isSelected: 0
  isExpanded: 1
  groupMasterVolume: 1
  retriggerPercentage: 0
  curVariationMode: 0
  alwaysHighestPriority: 0
  chainLoopDelayMin: 0
  chainLoopDelayMax: 0
  chainLoopMode: 0
  chainLoopNumLoops: 0
  useDialogFadeOut: 0
  dialogFadeOutTime: 0.5
  curVariationSequence: 0
  useNoRepeatRefill: 1
  useInactivePeriodPoolRefill: 0
  inactivePeriodSeconds: 5
  groupVariations:
  - {fileID: 114000011899735560}
  bulkVariationMode: 0
  resourceClipsAllLoadAsync: 1
  logSound: 0
  copySettingsExpanded: 0
  selectedVariationIndex: 0
  childGroupMode: 0
  childSoundGroups: []
  limitMode: 0
  limitPerXFrames: 1
  minimumTimeBetween: 0.1
  useClipAgePriority: 0
  limitPolyphony: 0
  voiceLimitCount: 1
  targetDespawnedBehavior: 0
  despawnFadeTime: 1
  isUsingOcclusion: 0
  isSoloed: 0
  isMuted: 0
  soundPlayedEventActive: 0
  soundPlayedCustomEvent: 
  frames: 2394
--- !u!114 &114000013774732308
MonoBehaviour:
  m_ObjectHideFlags: 1
  m_PrefabParentObject: {fileID: 0}
  m_PrefabInternal: {fileID: 100100000}
  m_GameObject: {fileID: 1000013870079554}
  m_Enabled: 1
  m_EditorHideFlags: 0
  m_Script: {fileID: 11500000, guid: 931518f9ca6c3844891dee74db8ed494, type: 3}
  m_Name: 
  m_EditorClassIdentifier: 
  weight: 1
  useLocalization: 0
  useRandomPitch: 0
  randomPitchMode: 0
  randomPitchMin: 0
  randomPitchMax: 0
  useRandomVolume: 0
  randomVolumeMode: 0
  randomVolumeMin: 0
  randomVolumeMax: 0
  audLocation: 0
  resourceFileName: 
  internetFileUrl: 
  internetFileLoadStatus: 0
  fxTailTime: 0
  original_pitch: 0
  original_volume: 0
  isExpanded: 1
  isChecked: 1
  useFades: 0
  fadeInTime: 0
  fadeOutTime: 0
  useRandomStartTime: 0
  randomStartMinPercent: 0
  randomStartMaxPercent: 0
  useIntroSilence: 0
  introSilenceMin: 0
  introSilenceMax: 0
  fadeMaxVolume: 0
  curFadeMode: 0
  curDetectEndMode: 0
  frames: 0
--- !u!114 &114000013961253240
MonoBehaviour:
  m_ObjectHideFlags: 1
  m_PrefabParentObject: {fileID: 0}
  m_PrefabInternal: {fileID: 100100000}
  m_GameObject: {fileID: 1000014053114146}
  m_Enabled: 1
  m_EditorHideFlags: 0
  m_Script: {fileID: 11500000, guid: 931518f9ca6c3844891dee74db8ed494, type: 3}
  m_Name: 
  m_EditorClassIdentifier: 
  weight: 1
  useLocalization: 0
  useRandomPitch: 0
  randomPitchMode: 0
  randomPitchMin: 0
  randomPitchMax: 0
  useRandomVolume: 0
  randomVolumeMode: 0
  randomVolumeMin: 0
  randomVolumeMax: 0
  audLocation: 0
  resourceFileName: 
  internetFileUrl: 
  internetFileLoadStatus: 0
  fxTailTime: 0
  original_pitch: 0
  original_volume: 0
  isExpanded: 1
  isChecked: 1
  useFades: 0
  fadeInTime: 0
  fadeOutTime: 0
  useRandomStartTime: 0
  randomStartMinPercent: 0
  randomStartMaxPercent: 0
  useIntroSilence: 0
  introSilenceMin: 0
  introSilenceMax: 0
  fadeMaxVolume: 0
  curFadeMode: 0
  curDetectEndMode: 0
  frames: 0
--- !u!114 &114000014189129976
MonoBehaviour:
  m_ObjectHideFlags: 1
  m_PrefabParentObject: {fileID: 0}
  m_PrefabInternal: {fileID: 100100000}
  m_GameObject: {fileID: 1000010519985544}
  m_Enabled: 1
  m_EditorHideFlags: 0
  m_Script: {fileID: 11500000, guid: db10a6d491569a8419b6f5e1bffc5243, type: 3}
  m_Name: 
  m_EditorClassIdentifier: 
  busIndex: -1
  spatialBlendType: 1
  spatialBlend: 1
  isSelected: 0
  isExpanded: 1
  groupMasterVolume: 1
  retriggerPercentage: 0
  curVariationMode: 0
  alwaysHighestPriority: 0
  chainLoopDelayMin: 0
  chainLoopDelayMax: 0
  chainLoopMode: 0
  chainLoopNumLoops: 0
  useDialogFadeOut: 0
  dialogFadeOutTime: 0.5
  curVariationSequence: 0
  useNoRepeatRefill: 1
  useInactivePeriodPoolRefill: 0
  inactivePeriodSeconds: 5
  groupVariations:
  - {fileID: 114000010814302132}
  bulkVariationMode: 0
  resourceClipsAllLoadAsync: 1
  logSound: 0
  copySettingsExpanded: 0
  selectedVariationIndex: 0
  childGroupMode: 0
  childSoundGroups: []
  limitMode: 0
  limitPerXFrames: 1
  minimumTimeBetween: 0.1
  useClipAgePriority: 0
  limitPolyphony: 0
  voiceLimitCount: 1
  targetDespawnedBehavior: 0
  despawnFadeTime: 1
  isUsingOcclusion: 0
  isSoloed: 0
  isMuted: 0
  soundPlayedEventActive: 0
  soundPlayedCustomEvent: 
  frames: 1532
--- !u!114 &114000014277268808
MonoBehaviour:
  m_ObjectHideFlags: 1
  m_PrefabParentObject: {fileID: 0}
  m_PrefabInternal: {fileID: 100100000}
  m_GameObject: {fileID: 1000012111298866}
  m_Enabled: 1
  m_EditorHideFlags: 0
  m_Script: {fileID: 11500000, guid: e1b7eb7dcef8b0e48a8572747ca7c64d, type: 3}
  m_Name: 
  m_EditorClassIdentifier: 
